2878 4726
182 129 225 190 28
694 128 726 182 A.
746 127 838 182 Daub:

182 317 249 357 cnm
261 299 417 374 conposuit
431 293 593 373 ὑποθήκα(
608 317 627 356 a
636 296 728 355 Suida
741 297 772 355 in
785 295 845 354 fine
859 297 1105 368 conmemoratas,
1120 295 1226 354 deinde
1241 296 1360 372 elegias

184 380 225 465 (p.
241 377 330 466 522),
349 387 458 463 quibus
478 387 577 446 omnia
596 404 672 462 quae
691 404 750 445 non
766 386 803 444 ad
819 384 952 460 Cyrnum
966 385 1117 459 pertinent
1130 385 1360 461 conprehendit,

182 481 244 534 tum
261 471 487 551 γνωμολογίαν
501 472 581 550 πρὸ(
593 471 723 549 Κύρνον,
739 494 829 551 quam
843 474 914 532 olim
928 459 1089 549 irretiret
1105 466 1199 554 (πρὸς
1216 469 1359 554 Κύρνον)

182 566 356 649 inscriptam
382 565 475 624 fuisse
500 565 614 624 statuit.
652 563 717 635 Qua
740 565 771 622 in
794 563 981 622 enarratione
1005 565 1091 640 paria
1115 564 1284 640 disparibus
1304 565 1359 622 ad·

182 655 275 714 mixta
294 673 360 714 esse
378 655 487 730 liquet,
507 655 558 714 sed
578 654 699 728 singula
716 653 855 712 refellere
873 671 951 712 nuuc
970 653 1118 728 dispIIcet.

271 743 415 802 Attamen
434 747 469 802 ut
486 744 575 802 huius
594 744 639 802 rei
659 761 806 801 summam
824 743 1008 817 conplectar:
1034 741 1065 800 Si
1084 761 1188 802 verum
1207 743 1358 818 expiscari

79 815 92 828 '⁹
182 834 334 911 volumus,
358 832 466 892 Suidac
489 833 672 901 notationem
697 834 810 892 totam
836 831 1021 890 considerare
1045 831 1188 890 debemus
1206 851 1305 908 neque
1324 833 1357 890 in

182 923 256 980 duas
271 923 434 998 particulas
454 923 629 998 discerpere¹
658 920 752 990 Quam
772 924 809 981 cb
828 939 947 981 causam
964 921 1156 997 sagacissimo
1171 922 1285 980 homini
1299 923 1359 981 hoc

183 1012 306 1070 minime
323 1013 450 1087 probare
469 1011 602 1087 contigit,
622 1011 833 1070 Alexandrinis
851 1011 1053 1086 grammaticis
1068 1029 1126 1069 non
1144 1011 1204 1069 iam
1222 1012 1361 1070 carmina

183 1101 301 1176 integra
327 1101 378 1159 sed
403 1101 551 1177 syllogam
575 1101 731 1159 dumtaxat
753 1098 892 1174 γνωμῶν
916 1094 1090 1159 innotuisse.
1132 1100 1237 1176 Itaque
1261 1120 1300 1160 ne
1325 1102 1359 1160 id

183 1189 304 1266 quidem
322 1208 381 1265 quo
396 1191 554 1265 praecipue
568 1189 698 1248 intendit
712 1189 937 1265 demonstravit,
955 1193 1127 1265 poematum
1141 1190 1360 1250 conlectionem

184 1297 274 1355 qnam
299 1278 387 1338 hodie
410 1281 548 1339 manibus
571 1278 696 1338 terimus
720 1279 798 1337 inter
822 1278 956 1337 Platonis
975 1278 1199 1354 Ptolemaeique
1223 1283 1359 1338 aetatem

183 1369 369 1443 conpositam
388 1387 453 1427 esse
472 1363 522 1446 (cf.
542 1369 632 1426 etiam
651 1367 688 1426 H.
708 1367 965 1427 Schneidewinum
982 1369 1001 1428 1.
1020 1369 1040 1427 I.
1060 1370 1100 1427 32
1122 1360 1187 1449 sq.)

273 1457 380 1517 Totam
397 1477 464 1517 vero
479 1457 588 1516 Suidae
602 1458 742 1534 glossam,
761 1477 821 1516 non
838 1476 929 1516 unam
947 1459 1066 1517 tantum
1079 1461 1197 1532 partem
1212 1489 1251 1498 -
1270 1460 1358 1517 cuius

183 1544 340 1623 pristiiram
368 1547 514 1622 originem
538 1546 727 1606 Nietusohius
756 1540 798 1625 (p.
824 1541 902 1626 200)
929 1548 1092 1623 perspexit,
1121 1547 1172 1622 qui
1197 1547 1290 1606 etiam
1320 1569 1358 1607 ex

184 1637 260 1695 Plat.
285 1635 378 1711 Legg.
397 1635 425 1709 I,
445 1656 474 1711 p.
494 1636 596 1696 630A
619 1636 684 1694 iure
707 1637 836 1712 conlegit
859 1635 967 1694 Suidae
990 1637 1026 1694 de
1050 1636 1231 1712 Theognidis
1254 1640 1359 1712 patria

182 1715 1357 1803 testimoniumnonDidymo(quodparnmrecteSchmidtius[Didym.p.394]

184 1808 376 1892 sumpserat),
396 1815 448 1873 sed
462 1814 658 1890 grammatico
677 1815 844 1891 vetustiori,
862 1813 881 1872 i.
896 1834 920 1872 e.
935 1815 1206 1874 Alexandrinorum
1225 1817 1357 1892 aequali,

182 1923 270 1980 possa
289 1903 418 1962 adscribi
440 1932 476 1944 -—
498 1923 535 1962 ex
555 1903 824 1963 Alexandrinorum
842 1904 987 1979 catalogis
1007 1903 1162 1962 oriundam
1181 1923 1247 1964 esse
1265 1925 1357 1966 nemo

183 1993 370 2054 diffitebitur.
388 1992 444 2051 His
455 1993 582 2068 denique
591 2011 686 2068 pauca
696 1993 878 2068 subiungere
887 1993 994 2068 placet
1009 1992 1184 2053 Welckerus
1192 1985 1236 2024 ¹⁹⁸
1246 1987 1357 2073 (Proll.

182 2083 214 2140 in
232 2082 364 2158 Theogn.
383 2103 414 2158 p.
433 2075 547 2162 LXHI)
566 2081 687 2158 quidem
711 2085 774 2142 tres
793 2081 897 2141 titulos
917 2101 935 2140 a
954 2081 1046 2141 Suida
1064 2083 1180 2142 adlatos
1200 2075 1357 2162 (γνώμας,

183 2166 423 2244 γνωμολογίαν,
452 2165 666 2251 παραινέεειε)
694 2191 787 2230 unum
816 2172 1000 2247 eundemque
1026 2172 1137 2230 librum
1165 2172 1258 2231 fuisse
1287 2193 1357 2234 con-

182 2260 293 2338 tendit,
312 2261 365 2319 sed
383 2261 472 2319 aliter
491 2261 628 2336 equidem
647 2261 756 2335 sentio,
775 2280 843 2319 cum
862 2261 1031 2320 universam
1050 2262 1148 2338 operis
1168 2261 1357 2338 Theognidei

182 2349 405 2425 inscriptionem
428 2345 558 2424 γνώμα(
581 2343 625 2408 δι’
647 2345 792 2420 ἐλεγείας
814 2349 907 2408 fuisse
930 2351 1072 2421 arbitrer,
1099 2369 1226 2426 quarum
1250 2355 1355 2426 partes

181 2438 295 2497 fuerint
309 2442 344 2498 et
357 2434 563 2513 γνωμολογία
576 2434 657 2512 πρὸ(
674 2435 796 2512 Κύρνον
811 2429 952 2519 (roim)
966 2436 1048 2513 πρὸ(
1060 2436 1182 2514 Κύρνον
1192 2486 1199 2500 .
1210 2486 1216 2499 .
1227 2456 1356 2515 γνωμο-

183 2521 311 2610 λογίαν)
321 2531 356 2586 ct
366 2532 483 2588 ceterae
494 2527 602 2587 Suidac
613 2547 703 2586 manu
713 2529 866 2588 coartatae
875 2523 1031 2602 ὑποθῆκαι
1043 2521 1118 2609 (καὶ
1133 2525 1244 2604 ἑτέρα(
1258 2523 1357 2610 0.).30)

259 2680 309 2750 ¹⁹⁸)
330 2679 380 2732 Oui
398 2679 558 2749 nuperrime
577 2676 764 2750 adstipulatus
784 2682 828 2734 est
845 2681 869 2735 J.
891 2680 1023 2734 Sitzlerus
1042 2680 1224 2750 (Theognidis
1243 2681 1356 2752 Reliqu.

182 2751 310 2808 Heidelb.
323 2757 400 2816 1880,
410 2771 436 2820 p.
448 2755 502 2820 51).
518 2783 550 2790 —-
569 2750 709 2821 191’)’Ναω
719 2752 873 2821 particulae
888 2755 975 2806 rut-
989 2752 1033 2806 καί
1043 2751 1207 2809 divisionem
1218 2753 1356 2822 efficiunt,

183 2825 217 2878 cf.
240 2842 261 2877 s.
280 2824 448 2891 Πανύλβιοε,
473 2840 493 2875 s.
514 2824 638 2891 Κόριννα,
658 2824 693 2878 al.
713 2855 748 2864 -
768 2823 801 2890 ²⁰)
827 2822 932 2888 Quibus
956 2824 1118 2878 dubitanter
1135 2824 1208 2879 addo
1226 2825 1356 2880 tabulam

182 2915 203 2950 s.
219 2896 403 2963 θεύκριτοε
422 2895 584 2961 exhibitam,
604 2911 689 2962 qnam
707 2895 742 2950 ad
761 2895 929 2950 vetustiores
947 2895 1040 2950 fontes
1057 2895 1148 2950 redire
1167 2896 1232 2951 inde
1251 2897 1355 2964 elucet,

183 2967 258 3036 quod
277 2966 418 3021 Theocriti
440 2966 593 3018 carminum
612 2966 697 3020 tertia
711 2983 798 3034 eaque
812 2966 965 3020 novissima
980 2967 1098 3036 sylloga,
1118 2969 1196 3022 cuius
1209 2969 1355 3024 auctorem

181 3037 335 3092 Ahrensius
355 3036 466 3105 (Phliol.
485 3035 611 3104 XXXIII,
630 3043 682 3091 400
701 3035 751 3106 sq,
771 3043 822 3092 579
837 3041 888 3106 sq.)
907 3037 1123 3092 Eratosthenem
1143 3039 1282 3108 quendam
1302 3043 1355 3105 (ca.

182 3127 206 3163 a.
230 3115 283 3164 400
306 3127 333 3178 ρ.
358 3108 434 3177 Chr.)
463 3107 602 3176 sagaciter
629 3109 787 3177 exploravit
820 3109 881 3178 (sed
907 3109 971 3162 vide
1004 3126 1078 3163 nunc
1105 3109 1265 3163 Vahlenum
1293 3111 1357 3168 Ind.

121 3211 123 3218 ,
182 3183 251 3235 aest.
270 3180 348 3235 lectt.
368 3179 458 3233 Berol.
480 3185 557 3246 1816,
576 3197 602 3248 p.
624 3183 664 3248 5),
688 3178 797 3248 aliquot
815 3197 832 3234 a
852 3179 938 3234 Suida
961 3182 1125 3234 enumerata
1146 3183 1280 3249 poemata
1297 3200 1356 3237 non

182 3251 369 3320 conplectitur
391 3250 584 3319 diversamque
608 3251 694 3304 etiam
717 3251 813 3320 prodit
835 3251 983 3306 ordinandi
1005 3253 1143 3305 rationem
1162 3253 1201 3321 (p.
1220 3257 1271 3306 588
1292 3257 1355 3322 sq).
1397 3291 1401 3296 -

183 3324 260 3376 Idem
279 3321 432 3377 Ahrensius
452 3321 554 3376 Suidae
571 3322 692 3377 indicem
712 3324 780 3377 satis
798 3324 940 3377 vetustum
966 3340 1026 3377 esse
1049 3322 1161 3376 disertis
1184 3323 1275 3378 verbIs
1295 3343 1355 3380 nro·

182 3394 244 3448 nuit
262 3397 300 3464 (p.
319 3400 392 3464 586,
410 3393 459 3447 ubi
482 3393 516 3446 de
539 3396 638 3448 mutua
655 3395 730 3450 inter
748 3394 938 3462 metaphrasin
955 3393 1111 3448 Marianam
1131 3394 1355 3464 Theocriteaque

182 3465 309 3520 carmina
331 3464 441 3519 ratione
464 3464 547 3534 longa
570 3465 762 3534 probabiliora
784 3482 868 3533 quam
886 3465 1025 3519 Haulerus
1050 3465 1098 3546 [de
1118 3466 1235 3520 Theocr.
1255 3467 1305 3521 vit.
1326 3473 1356 3522 et

182 3554 268 3590 carm.
290 3536 417 3604 Friburg.
443 3541 524 3601 1855,
548 3555 575 3604 p.
595 3542 627 3589 31
648 3537 702 3607 sq]
730 3535 895 3606 proposuit).
932 3539 1024 3606 Atque
1047 3553 1107 3606 ipse
1131 3537 1257 3606 suspicor
1280 3539 1354 3594 hanc

182 3607 309 3662 tabulam
328 3607 382 3660 niti
399 3605 651 3660 Alexandrinorum
669 3607 819 3678 catalogis,
847 3624 965 3675 quornm
985 3608 1097 3676 quidem
1116 3610 1209 3663 aetate
1227 3610 1354 3664 noudum

182 3679 310 3732 conlecta
331 3678 383 3732 illa
405 3678 451 3732 vel
474 3678 503 3731 in
527 3696 613 3731 unum
632 3695 731 3749 corpus
751 3677 912 3733 consociata
930 3682 1009 3733 erant
1027 3678 1073 3745 (cf.
1092 3681 1209 3734 Ahrens.
1229 3687 1282 3734 391
1303 3700 1354 3750 sq,

181 3749 264 3804 Haul.
283 3756 317 3804 31
337 3751 396 3818 sq).
433 3750 465 3803 In
489 3748 588 3803 tabula
615 3766 682 3805 vero
705 3749 767 3820 ipsa
789 3751 863 3803 hunc
885 3749 944 3802 tere
968 3750 1092 3804 ordinem
1121 3751 1354 3808 animadvertisse

181 3820 251 3874 mihi
274 3821 384 3886 videor,
407 3823 439 3873 ut
461 3821 551 3889 primo
574 3822 637 3876 Ioco
655 3823 823 3890 ponerentur
842 3822 966 3875 carmina
989 3821 1129 3891 bucolica,
1152 3824 1273 3878 secundo
1297 3825 1354 3879 duo

181 3891 336 3962 peculiares
351 3891 479 3956 ἐλεγείων
492 3892 577 3960 tituli,
597 3893 680 3947 tertio
694 3895 784 3960 ὕμνοι,
800 3894 936 3962 Ἡρωῖναι,
951 3894 1100 3961 ἐπικήδεια,
1116 3911 1178 3948 oum
1193 3896 1355 3964 argumenti

182 3962 367 4018 similitudine
387 3964 480 4018 omnia
497 3962 571 4018 inter
589 3964 678 4018 semet
696 3981 801 4018 conexa
819 3968 879 4019 tum
898 3965 1019 4018 maxImc
1034 3965 1114 4035 epico
1127 3965 1226 4034 generi
1239 3967 1354 4035 adfinia,

182 4035 283 4089 ultimo
303 4037 379 4102 μέλη,
398 4036 521 4103 ἐλεγεῖαι,
539 4035 639 4103 ἴαμβοι,
659 4035 850 4103 ἐπιγράμματα
869 4035 942 4089 inter
959 4036 1048 4105 lyrica
1062 4039 1193 4104 poemata
1206 4038 1355 4092 referenda

182 4106 228 4175 (cf.
247 4107 363 4160 Theocr.
388 4122 472 4160 carm.
492 4107 534 4160 cd.
553 4105 706 4174 Fritzsche‚
726 4125 752 4175 p.
773 4113 789 4161 5
808 4108 885 4173 adn,
907 4107 1008 4175 Bergk.
1032 4108 1102 4162 Mus.
1121 4108 1172 4161 Rh.
1193 4108 1231 4162 VI
1250 4111 1354 4179 (1838),
1427 4145 1430 4156 ·

182 4184 216 4232 23
231 4179 291 4247 sq),
309 4177 340 4230 id
359 4176 431 4246 quod
450 4176 497 4230 hic
515 4178 641 4246 pluribus
660 4179 801 4247 explicare
819 4178 934 4248 longum
953 4181 1004 4232 est.
1037 4179 1091 4233 Sed
1110 4179 1227 4247 prodere
1241 4180 1354 4235 videtur

182 4251 252 4302 haec
271 4250 370 4303 tabula
388 4247 513 4303 ordinem
532 4250 697 4318 argumento
717 4250 870 4304 carmInum
888 4249 1063 4317 adpositum,
1088 4251 1156 4305 hcet
1174 4251 1355 4308 mediocriter

182 4319 337 4374 dilucidum
356 4319 513 4388 Snidacquc
531 4319 714 4374 describentis
732 4321 862 4377 socordia
880 4321 1084 4376 conturbatum.
