<?xml version="1.0" encoding="UTF-8"?>
<!DOCTYPE html PUBLIC "-//W3C//DTD XHTML 1.0 Transitional//EN"
    "http://www.w3.org/TR/xhtml1/DTD/xhtml1-transitional.dtd">
<html xmlns="http://www.w3.org/1999/xhtml" xml:lang="en" lang="en">
 <head>
  <title>
</title>
<meta http-equiv="Content-Type" content="text/html;charset=utf-8" />
  <meta name='ocr-system' content='tesseract 3.04.00' />
  <meta name='ocr-capabilities' content='ocr_page ocr_carea ocr_par ocr_line ocrx_word'/>
</head>
<body>
  <div class='ocr_page' id='page_1' title='image "./desuidaebiograp00daubgoog_0016.png"; bbox 0 0 2878 4726; ppageno 0'>
   <div class='ocr_carea' id='block_1_1' title="bbox 327 109 1252 183">
    <p class='ocr_par' dir='ltr' id='par_1_1' title="bbox 327 109 1252 183">
     <span class='ocr_line' id='line_1_1' title="bbox 327 109 1252 183; baseline 0.011 -18"><span class='ocrx_word' id='word_1_1' title='bbox 327 112 369 165; x_wconf 89' lang='lat' dir='ltr'><strong>De</strong></span> <span class='ocrx_word' id='word_1_2' title='bbox 388 110 490 166; x_wconf 82' lang='lat' dir='ltr'><strong>Suidae</strong></span> <span class='ocrx_word' id='word_1_3' title='bbox 508 109 753 182; x_wconf 88' lang='lat' dir='ltr'><strong>biographicorum</strong></span> <span class='ocrx_word' id='word_1_4' title='bbox 773 111 879 183; x_wconf 85' lang='lat' dir='ltr'><strong>origine</strong></span> <span class='ocrx_word' id='word_1_5' title='bbox 898 115 928 168; x_wconf 89' lang='lat' dir='ltr'><strong>et</strong></span> <span class='ocrx_word' id='word_1_6' title='bbox 945 113 1006 168; x_wconf 89' lang='lat' dir='ltr'><strong>fide.</strong></span> <span class='ocrx_word' id='word_1_7' title='bbox 1211 113 1252 176; x_wconf 87' lang='lat'><strong>13</strong></span> 
     </span>
    </p>
   </div>
   <div class='ocr_carea' id='block_1_2' title="bbox 73 271 1305 2776">
    <p class='ocr_par' dir='ltr' id='par_1_2' title="bbox 75 271 1305 1792">
     <span class='ocr_line' id='line_1_2' title="bbox 79 271 1254 362; baseline 0.003 -24"><span class='ocrx_word' id='word_1_8' title='bbox 79 279 213 340; x_wconf 79' lang='lat' dir='ltr'><strong>firmarit</strong></span> <span class='ocrx_word' id='word_1_9' title='bbox 232 271 266 362; x_wconf 86' lang='lat' dir='ltr'><strong>(l.</strong></span> <span class='ocrx_word' id='word_1_10' title='bbox 286 281 305 340; x_wconf 85' lang='lat' dir='ltr'><strong>l.</strong></span> <span class='ocrx_word' id='word_1_11' title='bbox 323 301 351 355; x_wconf 93' lang='lat' dir='ltr'><strong>p.</strong></span> <span class='ocrx_word' id='word_1_12' title='bbox 373 282 434 340; x_wconf 88' lang='grc'><strong>146</strong></span> <span class='ocrx_word' id='word_1_13' title='bbox 454 273 521 361; x_wconf 82' lang='lat' dir='ltr'><strong>sq).</strong></span> <span class='ocrx_word' id='word_1_14' title='bbox 561 279 645 340; x_wconf 92' lang='lat' dir='ltr'><strong>Idem</strong></span> <span class='ocrx_word' id='word_1_15' title='bbox 673 281 806 341; x_wconf 76' lang='lat' dir='ltr'><strong>musicae</strong></span> <span class='ocrx_word' id='word_1_16' title='bbox 834 282 987 342; x_wconf 76' lang='lat' dir='ltr'><strong>historiae.</strong></span> <span class='ocrx_word' id='word_1_17' title='bbox 1003 283 1133 343; x_wconf 83' lang='lat' dir='ltr'><strong>indolem</strong></span> <span class='ocrx_word' id='word_1_18' title='bbox 1163 285 1254 359; x_wconf 84' lang='lat' dir='ltr'><strong>alque</strong></span> 
     </span>
     <span class='ocr_line' id='line_1_3' title="bbox 79 369 1252 448; baseline 0 -18"><span class='ocrx_word' id='word_1_19' title='bbox 79 373 294 446; x_wconf 77' lang='lat' dir='ltr'><strong>argumentum</strong></span> <span class='ocrx_word' id='word_1_20' title='bbox 306 369 430 446; x_wconf 82' lang='lat' dir='ltr'><strong>egregie</strong></span> <span class='ocrx_word' id='word_1_21' title='bbox 440 370 639 445; x_wconf 89' lang='lat' dir='ltr'><strong>adumbravit,</strong></span> <span class='ocrx_word' id='word_1_22' title='bbox 653 388 720 429; x_wconf 92' lang='lat' dir='ltr'><strong>cum</strong></span> <span class='ocrx_word' id='word_1_23' title='bbox 735 369 931 431; x_wconf 82' lang='lat' dir='ltr'><strong>Schneidcrus</strong></span> <span class='ocrx_word' id='word_1_24' title='bbox 947 372 1164 448; x_wconf 86' lang='lat' dir='ltr'><strong>amplissimum</strong></span> <span class='ocrx_word' id='word_1_25' title='bbox 1178 391 1252 448; x_wconf 91' lang='lat' dir='ltr'><strong>opus</strong></span> 
     </span>
     <span class='ocr_line' id='line_1_4' title="bbox 78 459 1267 535; baseline 0.002 -17"><span class='ocrx_word' id='word_1_26' title='bbox 78 459 191 518; x_wconf 81' lang='grc'>111111</span> <span class='ocrx_word' id='word_1_27' title='bbox 210 459 339 535; x_wconf 91' lang='lat' dir='ltr'><strong>quodam</strong></span> <span class='ocrx_word' id='word_1_28' title='bbox 357 459 389 518; x_wconf 93' lang='lat' dir='ltr'><strong>in</strong></span> <span class='ocrx_word' id='word_1_29' title='bbox 407 459 529 519; x_wconf 85' lang='lat' dir='ltr'><strong>brevem</strong></span> <span class='ocrx_word' id='word_1_30' title='bbox 548 478 693 518; x_wconf 89' lang='lat' dir='ltr'><strong>summam</strong></span> <span class='ocrx_word' id='word_1_31' title='bbox 712 463 898 520; x_wconf 88' lang='lat' dir='ltr'><strong>contractum</strong></span> <span class='ocrx_word' id='word_1_32' title='bbox 917 480 982 521; x_wconf 89' lang='grc'>1111</span> <span class='ocrx_word' id='word_1_33' title='bbox 1001 459 1088 522; x_wconf 86' lang='grc'>11111</span> <span class='ocrx_word' id='word_1_34' title='bbox 1107 461 1267 522; x_wconf 80' lang='lat' dir='ltr'><strong>evicisset·</strong></span> 
     </span>
     <span class='ocr_line' id='line_1_5' title="bbox 78 547 1253 627; baseline 0.001 -19"><span class='ocrx_word' id='word_1_35' title='bbox 78 547 225 608; x_wconf 86' lang='lat' dir='ltr'><strong>Rufianae</strong></span> <span class='ocrx_word' id='word_1_36' title='bbox 244 551 344 608; x_wconf 87' lang='lat' dir='ltr'><strong>antem</strong></span> <span class='ocrx_word' id='word_1_37' title='bbox 363 549 509 624; x_wconf 73' lang='lat' dir='ltr'><strong>epitomae</strong></span> <span class='ocrx_word' id='word_1_38' title='bbox 526 549 689 626; x_wconf 88' lang='lat' dir='ltr'><strong>imaginem</strong></span> <span class='ocrx_word' id='word_1_39' title='bbox 708 549 856 626; x_wconf 89' lang='lat' dir='ltr'><strong>quandam</strong></span> <span class='ocrx_word' id='word_1_40' title='bbox 875 550 960 610; x_wconf 88' lang='lat' dir='ltr'><strong>nobis</strong></span> <span class='ocrx_word' id='word_1_41' title='bbox 974 551 1135 611; x_wconf 86' lang='lat' dir='ltr'><strong>informare</strong></span> <span class='ocrx_word' id='word_1_42' title='bbox 1149 570 1253 627; x_wconf 90' lang='lat' dir='ltr'><strong>possu-</strong></span> 
     </span>
     <span class='ocr_line' id='line_1_6' title="bbox 78 636 1252 716; baseline 0.003 -20"><span class='ocrx_word' id='word_1_43' title='bbox 78 657 146 697; x_wconf 89' lang='lat' dir='ltr'><strong>mus</strong></span> <span class='ocrx_word' id='word_1_44' title='bbox 171 657 262 714; x_wconf 91' lang='lat' dir='ltr'><strong>opera</strong></span> <span class='ocrx_word' id='word_1_45' title='bbox 285 636 415 714; x_wconf 82' lang='lat' dir='ltr'><strong>Sopatri,</strong></span> <span class='ocrx_word' id='word_1_46' title='bbox 443 637 526 697; x_wconf 89' lang='lat' dir='ltr'><strong>cuius</strong></span> <span class='ocrx_word' id='word_1_47' title='bbox 554 657 695 715; x_wconf 85' lang='lat' dir='ltr'><strong>magnam</strong></span> <span class='ocrx_word' id='word_1_48' title='bbox 722 639 891 715; x_wconf 79' lang='lat' dir='ltr'><strong>eclogarum</strong></span> <span class='ocrx_word' id='word_1_49' title='bbox 922 643 1039 716; x_wconf 78' lang='lat' dir='ltr'><strong>partem</strong></span> <span class='ocrx_word' id='word_1_50' title='bbox 1068 659 1103 700; x_wconf 88' lang='lat' dir='ltr'><strong>ex</strong></span> <span class='ocrx_word' id='word_1_51' title='bbox 1125 640 1252 700; x_wconf 86' lang='lat' dir='ltr'><strong>Rufiano</strong></span> 
     </span>
     <span class='ocr_line' id='line_1_7' title="bbox 78 720 1305 810; baseline 0.002 -24"><span class='ocrx_word' id='word_1_52' title='bbox 78 729 157 788; x_wconf 90' lang='lat' dir='ltr'><strong>libro</strong></span> <span class='ocrx_word' id='word_1_53' title='bbox 177 729 347 804; x_wconf 80' lang='lat' dir='ltr'><strong>excerptam</strong></span> <span class='ocrx_word' id='word_1_54' title='bbox 365 745 430 786; x_wconf 90' lang='lat' dir='ltr'><strong>esse</strong></span> <span class='ocrx_word' id='word_1_55' title='bbox 449 728 536 787; x_wconf 90' lang='lat' dir='ltr'><strong>docet</strong></span> <span class='ocrx_word' id='word_1_56' title='bbox 554 727 679 787; x_wconf 89' lang='lat' dir='ltr'><strong>Photius</strong></span> <span class='ocrx_word' id='word_1_57' title='bbox 700 720 792 808; x_wconf 89' lang='lat' dir='ltr'><strong>(Bibl.</strong></span> <span class='ocrx_word' id='word_1_58' title='bbox 813 726 882 789; x_wconf 81' lang='lat' dir='ltr'><strong>coc.</strong></span> <span class='ocrx_word' id='word_1_59' title='bbox 904 731 976 802; x_wconf 87' lang='grc'>161,</span> <span class='ocrx_word' id='word_1_60' title='bbox 998 727 1122 810; x_wconf 79' lang='grc'>1611.)</span> <span class='ocrx_word' id='word_1_61' title='bbox 1160 728 1251 789; x_wconf 83' lang='lat' dir='ltr'><strong>Cuius</strong></span> <span class='ocrx_word' id='word_1_62' title='bbox 1299 773 1305 788; x_wconf 90' lang='lat'><strong>.</strong></span> 
     </span>
     <span class='ocr_line' id='line_1_8' title="bbox 79 816 1251 895; baseline 0.001 -18"><span class='ocrx_word' id='word_1_63' title='bbox 79 838 116 877; x_wconf 88' lang='lat' dir='ltr'><strong>ex</strong></span> <span class='ocrx_word' id='word_1_64' title='bbox 131 816 230 878; x_wconf 86' lang='lat' dir='ltr'><strong>verbis</strong></span> <span class='ocrx_word' id='word_1_65' title='bbox 245 816 335 876; x_wconf 89' lang='lat' dir='ltr'><strong>simul</strong></span> <span class='ocrx_word' id='word_1_66' title='bbox 348 816 536 894; x_wconf 87' lang='lat' dir='ltr'><strong>intellegitur</strong></span> <span class='ocrx_word' id='word_1_67' title='bbox 549 817 580 875; x_wconf 93' lang='lat' dir='ltr'><strong>in</strong></span> <span class='ocrx_word' id='word_1_68' title='bbox 594 836 683 893; x_wconf 92' lang='lat' dir='ltr'><strong>opere</strong></span> <span class='ocrx_word' id='word_1_69' title='bbox 697 836 750 878; x_wconf 88' lang='lat' dir='ltr'><strong>suo</strong></span> <span class='ocrx_word' id='word_1_70' title='bbox 765 817 941 894; x_wconf 91' lang='lat' dir='ltr'><strong>Dionysium</strong></span> <span class='ocrx_word' id='word_1_71' title='bbox 957 818 992 876; x_wconf 94' lang='lat' dir='ltr'><strong>de</strong></span> <span class='ocrx_word' id='word_1_72' title='bbox 1007 819 1103 894; x_wconf 92' lang='lat' dir='ltr'><strong>poetis</strong></span> <span class='ocrx_word' id='word_1_73' title='bbox 1121 818 1251 895; x_wconf 90' lang='lat' dir='ltr'><strong>lyricis</strong></span> 
     </span>
     <span class='ocr_line' id='line_1_9' title="bbox 80 898 1253 989; baseline 0 -23"><span class='ocrx_word' id='word_1_74' title='bbox 80 906 235 984; x_wconf 83' lang='lat' dir='ltr'><strong>tragicis</strong></span> <span class='ocrx_word' id='word_1_75' title='bbox 246 898 389 966; x_wconf 89' lang='lat' dir='ltr'><strong>comicis</strong></span> <span class='ocrx_word' id='word_1_76' title='bbox 400 907 570 983; x_wconf 90' lang='lat' dir='ltr'><strong>disputasse</strong></span> <span class='ocrx_word' id='word_1_77' title='bbox 585 926 648 966; x_wconf 91' lang='lat' dir='ltr'><strong>nec</strong></span> <span class='ocrx_word' id='word_1_78' title='bbox 659 927 726 966; x_wconf 89' lang='lat' dir='ltr'><strong>non</strong></span> <span class='ocrx_word' id='word_1_79' title='bbox 737 900 906 986; x_wconf 83' lang='lat' dir='ltr'><strong>epicos¹¹)</strong></span> <span class='ocrx_word' id='word_1_80' title='bbox 916 910 1062 968; x_wconf 83' lang='lat' dir='ltr'><strong>tractasse</strong></span> <span class='ocrx_word' id='word_1_81' title='bbox 1072 900 1122 989; x_wconf 84' lang='lat' dir='ltr'><strong>(cf.</strong></span> <span class='ocrx_word' id='word_1_82' title='bbox 1134 908 1253 968; x_wconf 81' lang='lat' dir='ltr'><strong>Schnei-</strong></span> 
     </span>
     <span class='ocr_line' id='line_1_10' title="bbox 80 988 1253 1078; baseline -0.001 -22"><span class='ocrx_word' id='word_1_83' title='bbox 80 999 140 1056; x_wconf 88' lang='lat' dir='ltr'><strong>der.</strong></span> <span class='ocrx_word' id='word_1_84' title='bbox 156 996 209 1055; x_wconf 86' lang='lat'><strong>1.1.</strong></span> <span class='ocrx_word' id='word_1_85' title='bbox 229 999 260 1055; x_wconf 90' lang='grc'><strong>11</strong></span> <span class='ocrx_word' id='word_1_86' title='bbox 273 996 479 1056; x_wconf 92' lang='lat' dir='ltr'><strong>Wachsmuth.</strong></span> <span class='ocrx_word' id='word_1_87' title='bbox 493 1016 520 1072; x_wconf 93' lang='lat' dir='ltr'><strong>p.</strong></span> <span class='ocrx_word' id='word_1_88' title='bbox 539 998 610 1071; x_wconf 89' lang='grc'>146,</span> <span class='ocrx_word' id='word_1_89' title='bbox 623 1016 651 1055; x_wconf 91' lang='lat' dir='ltr'><strong>n.</strong></span> <span class='ocrx_word' id='word_1_90' title='bbox 668 988 733 1078; x_wconf 80' lang='lat'><strong>26).</strong></span> <span class='ocrx_word' id='word_1_91' title='bbox 761 996 920 1057; x_wconf 89' lang='lat' dir='ltr'><strong>Praeterea</strong></span> <span class='ocrx_word' id='word_1_92' title='bbox 933 997 1100 1057; x_wconf 90' lang='lat' dir='ltr'><strong>luculenter</strong></span> <span class='ocrx_word' id='word_1_93' title='bbox 1117 997 1253 1073; x_wconf 82' lang='lat' dir='ltr'><strong>exposuit</strong></span> 
     </span>
     <span class='ocr_line' id='line_1_11' title="bbox 80 1085 1254 1162; baseline 0.002 -18"><span class='ocrx_word' id='word_1_94' title='bbox 80 1085 327 1146; x_wconf 85' lang='lat' dir='ltr'><strong>Wachsmnthius</strong></span> <span class='ocrx_word' id='word_1_95' title='bbox 337 1085 533 1161; x_wconf 80' lang='lat' dir='ltr'><strong>inposterum</strong></span> <span class='ocrx_word' id='word_1_96' title='bbox 542 1085 781 1162; x_wconf 88' lang='lat' dir='ltr'><strong>musicorumque</strong></span> <span class='ocrx_word' id='word_1_97' title='bbox 791 1086 994 1146; x_wconf 89' lang='lat' dir='ltr'><strong>notationibus</strong></span> <span class='ocrx_word' id='word_1_98' title='bbox 1006 1086 1155 1146; x_wconf 82' lang='lat' dir='ltr'><strong>Suidianis</strong></span> <span class='ocrx_word' id='word_1_99' title='bbox 1165 1087 1254 1146; x_wconf 90' lang='lat' dir='ltr'><strong>ratio·</strong></span> 
     </span>
     <span class='ocr_line' id='line_1_12' title="bbox 79 1175 1250 1253; baseline -0.001 -18"><span class='ocrx_word' id='word_1_100' title='bbox 79 1195 148 1235; x_wconf 92' lang='lat' dir='ltr'><strong>nem</strong></span> <span class='ocrx_word' id='word_1_101' title='bbox 167 1177 256 1252; x_wconf 88' lang='lat' dir='ltr'><strong>plane</strong></span> <span class='ocrx_word' id='word_1_102' title='bbox 274 1175 435 1234; x_wconf 89' lang='lat' dir='ltr'><strong>earundem</strong></span> <span class='ocrx_word' id='word_1_103' title='bbox 453 1194 554 1234; x_wconf 89' lang='lat' dir='ltr'><strong>rerum</strong></span> <span class='ocrx_word' id='word_1_104' title='bbox 572 1175 706 1234; x_wconf 89' lang='lat' dir='ltr'><strong>habitam</strong></span> <span class='ocrx_word' id='word_1_105' title='bbox 730 1193 796 1234; x_wconf 89' lang='lat' dir='ltr'><strong>esse</strong></span> <span class='ocrx_word' id='word_1_106' title='bbox 815 1195 888 1251; x_wconf 91' lang='lat' dir='ltr'><strong>quas</strong></span> <span class='ocrx_word' id='word_1_107' title='bbox 907 1177 1065 1252; x_wconf 86' lang='lat' dir='ltr'><strong>praecipue</strong></span> <span class='ocrx_word' id='word_1_108' title='bbox 1083 1176 1250 1253; x_wconf 83' lang='lat' dir='ltr'><strong>respexisse</strong></span> 
     </span>
     <span class='ocr_line' id='line_1_13' title="bbox 78 1264 1253 1342; baseline -0.001 -19"><span class='ocrx_word' id='word_1_109' title='bbox 78 1266 110 1325; x_wconf 91' lang='lat' dir='ltr'><strong>in</strong></span> <span class='ocrx_word' id='word_1_110' title='bbox 128 1264 311 1342; x_wconf 85' lang='lat' dir='ltr'><strong>pertexenda</strong></span> <span class='ocrx_word' id='word_1_111' title='bbox 334 1265 448 1323; x_wconf 88' lang='lat' dir='ltr'><strong>musica</strong></span> <span class='ocrx_word' id='word_1_112' title='bbox 470 1264 596 1325; x_wconf 91' lang='lat' dir='ltr'><strong>historia</strong></span> <span class='ocrx_word' id='word_1_113' title='bbox 618 1264 798 1341; x_wconf 90' lang='lat' dir='ltr'><strong>Dionysium</strong></span> <span class='ocrx_word' id='word_1_114' title='bbox 825 1283 860 1324; x_wconf 87' lang='lat' dir='ltr'><strong>ex</strong></span> <span class='ocrx_word' id='word_1_115' title='bbox 883 1264 984 1325; x_wconf 90' lang='lat' dir='ltr'><strong>Photii</strong></span> <span class='ocrx_word' id='word_1_116' title='bbox 1007 1265 1179 1325; x_wconf 89' lang='lat' dir='ltr'><strong>testimonio</strong></span> <span class='ocrx_word' id='word_1_117' title='bbox 1204 1266 1253 1323; x_wconf 89' lang='lat' dir='ltr'><strong>ad-</strong></span> 
     </span>
     <span class='ocr_line' id='line_1_14' title="bbox 78 1346 1253 1436; baseline -0.001 -22"><span class='ocrx_word' id='word_1_118' title='bbox 78 1357 185 1431; x_wconf 89' lang='lat' dir='ltr'><strong>pareat</strong></span> <span class='ocrx_word' id='word_1_119' title='bbox 208 1346 356 1436; x_wconf 89' lang='lat' dir='ltr'><strong>(ceterum</strong></span> <span class='ocrx_word' id='word_1_120' title='bbox 380 1355 416 1413; x_wconf 89' lang='lat' dir='ltr'><strong>cf.</strong></span> <span class='ocrx_word' id='word_1_121' title='bbox 440 1373 516 1431; x_wconf 89' lang='lat' dir='ltr'><strong>quae</strong></span> <span class='ocrx_word' id='word_1_122' title='bbox 540 1354 576 1413; x_wconf 92' lang='lat' dir='ltr'><strong>de</strong></span> <span class='ocrx_word' id='word_1_123' title='bbox 595 1354 730 1430; x_wconf 88' lang='lat' dir='ltr'><strong>Dionysii</strong></span> <span class='ocrx_word' id='word_1_124' title='bbox 755 1355 788 1414; x_wconf 92' lang='lat' dir='ltr'><strong>in</strong></span> <span class='ocrx_word' id='word_1_125' title='bbox 811 1355 918 1414; x_wconf 90' lang='lat' dir='ltr'><strong>harum</strong></span> <span class='ocrx_word' id='word_1_126' title='bbox 940 1374 1041 1415; x_wconf 91' lang='lat' dir='ltr'><strong>rerum</strong></span> <span class='ocrx_word' id='word_1_127' title='bbox 1065 1353 1253 1414; x_wconf 83' lang='lat' dir='ltr'><strong>enarratione</strong></span> 
     </span>
     <span class='ocr_line' id='line_1_15' title="bbox 76 1442 1252 1527; baseline 0.001 -25"><span class='ocrx_word' id='word_1_128' title='bbox 76 1444 211 1504; x_wconf 89' lang='lat' dir='ltr'><strong>fontibus</strong></span> <span class='ocrx_word' id='word_1_129' title='bbox 232 1443 365 1520; x_wconf 85' lang='lat' dir='ltr'><strong>speciosa</strong></span> <span class='ocrx_word' id='word_1_130' title='bbox 384 1442 932 1527; x_wconf 76' lang='grc'>11111111111111111111111111111,</span> <span class='ocrx_word' id='word_1_131' title='bbox 955 1444 987 1503; x_wconf 90' lang='lat' dir='ltr'><strong>in</strong></span> <span class='ocrx_word' id='word_1_132' title='bbox 1007 1446 1196 1504; x_wconf 90' lang='lat' dir='ltr'><strong>commentat.</strong></span> <span class='ocrx_word' id='word_1_133' title='bbox 1215 1444 1252 1503; x_wconf 88' lang='lat' dir='ltr'><strong>de</strong></span> 
     </span>
     <span class='ocr_line' id='line_1_16' title="bbox 77 1533 1252 1611; baseline 0 -19"><span class='ocrx_word' id='word_1_134' title='bbox 77 1533 268 1593; x_wconf 85' lang='grc' dir='ltr'>111.Ρ11111.</span> <span class='ocrx_word' id='word_1_135' title='bbox 292 1533 324 1590; x_wconf 92' lang='lat' dir='ltr'><strong>in</strong></span> <span class='ocrx_word' id='word_1_136' title='bbox 343 1553 444 1609; x_wconf 88' lang='lat' dir='ltr'><strong>appar.</strong></span> <span class='ocrx_word' id='word_1_137' title='bbox 464 1552 559 1593; x_wconf 88' lang='lat' dir='ltr'><strong>scaen.</strong></span> <span class='ocrx_word' id='word_1_138' title='bbox 583 1534 738 1592; x_wconf 87' lang='lat' dir='ltr'><strong>enarrand.</strong></span> <span class='ocrx_word' id='word_1_139' title='bbox 762 1533 849 1593; x_wconf 88' lang='lat' dir='ltr'><strong>fontt.</strong></span> <span class='ocrx_word' id='word_1_140' title='bbox 873 1533 954 1610; x_wconf 90' lang='lat' dir='ltr'><strong>Lips.</strong></span> <span class='ocrx_word' id='word_1_141' title='bbox 975 1536 1069 1611; x_wconf 86' lang='grc'>1870,</span> <span class='ocrx_word' id='word_1_142' title='bbox 1088 1554 1117 1610; x_wconf 92' lang='lat' dir='ltr'><strong>p.</strong></span> <span class='ocrx_word' id='word_1_143' title='bbox 1138 1535 1177 1592; x_wconf 87' lang='grc'><strong>79</strong></span> <span class='ocrx_word' id='word_1_144' title='bbox 1199 1552 1252 1609; x_wconf 75' lang='lat' dir='ltr'><strong>sq,</strong></span> 
     </span>
     <span class='ocr_line' id='line_1_17' title="bbox 76 1622 1250 1701; baseline -0.001 -19"><span class='ocrx_word' id='word_1_145' title='bbox 76 1627 236 1701; x_wconf 90' lang='lat' dir='ltr'><strong>praeterea</strong></span> <span class='ocrx_word' id='word_1_146' title='bbox 254 1622 394 1698; x_wconf 89' lang='lat' dir='ltr'><strong>inspicias</strong></span> <span class='ocrx_word' id='word_1_147' title='bbox 408 1623 457 1684; x_wconf 76' lang='lat' dir='ltr'><strong>rr.</strong></span> <span class='ocrx_word' id='word_1_148' title='bbox 472 1622 661 1700; x_wconf 82' lang='lat' dir='ltr'><strong>Schoellium,</strong></span> <span class='ocrx_word' id='word_1_149' title='bbox 681 1623 717 1682; x_wconf 92' lang='lat' dir='ltr'><strong>de</strong></span> <span class='ocrx_word' id='word_1_150' title='bbox 735 1624 790 1683; x_wconf 88' lang='lat' dir='ltr'><strong>loc.</strong></span> <span class='ocrx_word' id='word_1_151' title='bbox 809 1643 896 1683; x_wconf 91' lang='lat' dir='ltr'><strong>ncnn.</strong></span> <span class='ocrx_word' id='word_1_152' title='bbox 916 1623 954 1682; x_wconf 92' lang='lat' dir='ltr'><strong>ad</strong></span> <span class='ocrx_word' id='word_1_153' title='bbox 968 1622 1108 1700; x_wconf 81' lang='lat' dir='ltr'><strong>Aeschyl</strong></span> <span class='ocrx_word' id='word_1_154' title='bbox 1127 1623 1179 1683; x_wconf 83' lang='lat' dir='ltr'><strong>vit.</strong></span> <span class='ocrx_word' id='word_1_155' title='bbox 1196 1624 1250 1682; x_wconf 88' lang='lat' dir='ltr'><strong>etc.</strong></span> 
     </span>
     <span class='ocr_line' id='line_1_18' title="bbox 75 1705 577 1792; baseline -0.006 -19"><span class='ocrx_word' id='word_1_156' title='bbox 75 1713 246 1790; x_wconf 84' lang='lat' dir='ltr'><strong>pertinent,</strong></span> <span class='ocrx_word' id='word_1_157' title='bbox 267 1713 328 1773; x_wconf 89' lang='grc'>111.</span> <span class='ocrx_word' id='word_1_158' title='bbox 350 1713 444 1786; x_wconf 83' lang='grc'>1875,</span> <span class='ocrx_word' id='word_1_159' title='bbox 462 1733 491 1788; x_wconf 89' lang='lat' dir='ltr'><strong>p.</strong></span> <span class='ocrx_word' id='word_1_160' title='bbox 511 1705 577 1792; x_wconf 88' lang='grc'>48).</span> 
     </span>
    </p>

    <p class='ocr_par' dir='ltr' id='par_1_3' title="bbox 74 1801 1252 2418">
     <span class='ocr_line' id='line_1_19' title="bbox 168 1801 1251 1879; baseline -0.001 -19"><span class='ocrx_word' id='word_1_161' title='bbox 168 1802 216 1861; x_wconf 88' lang='lat' dir='ltr'><strong>Ad</strong></span> <span class='ocrx_word' id='word_1_162' title='bbox 235 1803 311 1861; x_wconf 88' lang='lat' dir='ltr'><strong>banc</strong></span> <span class='ocrx_word' id='word_1_163' title='bbox 324 1802 418 1878; x_wconf 86' lang='lat' dir='ltr'><strong>igitur</strong></span> <span class='ocrx_word' id='word_1_164' title='bbox 432 1801 568 1879; x_wconf 85' lang='lat' dir='ltr'><strong>Dionysii</strong></span> <span class='ocrx_word' id='word_1_165' title='bbox 582 1801 772 1878; x_wconf 89' lang='lat' dir='ltr'><strong>scriptionem</strong></span> <span class='ocrx_word' id='word_1_166' title='bbox 787 1802 901 1879; x_wconf 89' lang='lat' dir='ltr'><strong>optima</strong></span> <span class='ocrx_word' id='word_1_167' title='bbox 915 1820 1050 1878; x_wconf 90' lang='lat' dir='ltr'><strong>quaeque</strong></span> <span class='ocrx_word' id='word_1_168' title='bbox 1064 1801 1251 1861; x_wconf 86' lang='lat' dir='ltr'><strong>notationum</strong></span> 
     </span>
     <span class='ocr_line' id='line_1_20' title="bbox 76 1889 1251 1969; baseline -0.001 -18"><span class='ocrx_word' id='word_1_169' title='bbox 76 1892 348 1969; x_wconf 86' lang='lat' dir='ltr'><strong>Hesychianarnm,</strong></span> <span class='ocrx_word' id='word_1_170' title='bbox 381 1909 453 1967; x_wconf 91' lang='lat' dir='ltr'><strong>prae</strong></span> <span class='ocrx_word' id='word_1_171' title='bbox 481 1892 588 1951; x_wconf 87' lang='lat' dir='ltr'><strong>ceteris</strong></span> <span class='ocrx_word' id='word_1_172' title='bbox 616 1891 794 1951; x_wconf 88' lang='lat' dir='ltr'><strong>librorum</strong></span> <span class='ocrx_word' id='word_1_173' title='bbox 824 1892 984 1967; x_wconf 84' lang='lat' dir='ltr'><strong>tabulas,</strong></span> <span class='ocrx_word' id='word_1_174' title='bbox 1017 1890 1155 1950; x_wconf 86' lang='lat' dir='ltr'><strong>recedere</strong></span> <span class='ocrx_word' id='word_1_175' title='bbox 1188 1889 1251 1950; x_wconf 90' lang='lat' dir='ltr'><strong>sine</strong></span> 
     </span>
     <span class='ocr_line' id='line_1_21' title="bbox 76 1970 1252 2058; baseline -0.003 -17"><span class='ocrx_word' id='word_1_176' title='bbox 76 1983 217 2058; x_wconf 88' lang='lat' dir='ltr'><strong>scrupulo</strong></span> <span class='ocrx_word' id='word_1_177' title='bbox 236 1981 412 2041; x_wconf 88' lang='lat' dir='ltr'><strong>contendere</strong></span> <span class='ocrx_word' id='word_1_178' title='bbox 430 1980 600 2058; x_wconf 86' lang='lat' dir='ltr'><strong>possumus:</strong></span> <span class='ocrx_word' id='word_1_179' title='bbox 621 1970 668 2040; x_wconf 86' lang='lat' dir='ltr'><strong>cni</strong></span> <span class='ocrx_word' id='word_1_180' title='bbox 687 1982 806 2058; x_wconf 90' lang='lat' dir='ltr'><strong>quidem</strong></span> <span class='ocrx_word' id='word_1_181' title='bbox 826 1981 956 2057; x_wconf 91' lang='lat' dir='ltr'><strong>opinioni</strong></span> <span class='ocrx_word' id='word_1_182' title='bbox 974 1981 1043 2039; x_wconf 91' lang='lat' dir='ltr'><strong>inde</strong></span> <span class='ocrx_word' id='word_1_183' title='bbox 1062 1979 1252 2057; x_wconf 90' lang='lat' dir='ltr'><strong>potissimum</strong></span> 
     </span>
     <span class='ocr_line' id='line_1_22' title="bbox 75 2067 1251 2149; baseline -0.004 -17"><span class='ocrx_word' id='word_1_184' title='bbox 75 2073 213 2133; x_wconf 82' lang='lat' dir='ltr'><strong>adfertur</strong></span> <span class='ocrx_word' id='word_1_185' title='bbox 231 2070 383 2149; x_wconf 86' lang='lat' dir='ltr'><strong>auxilium,</strong></span> <span class='ocrx_word' id='word_1_186' title='bbox 403 2071 481 2148; x_wconf 92' lang='lat' dir='ltr'><strong>quod</strong></span> <span class='ocrx_word' id='word_1_187' title='bbox 500 2091 623 2148; x_wconf 90' lang='lat' dir='ltr'><strong>operum</strong></span> <span class='ocrx_word' id='word_1_188' title='bbox 641 2071 753 2132; x_wconf 89' lang='lat' dir='ltr'><strong>indices</strong></span> <span class='ocrx_word' id='word_1_189' title='bbox 773 2090 809 2130; x_wconf 86' lang='lat' dir='ltr'><strong>ex</strong></span> <span class='ocrx_word' id='word_1_190' title='bbox 827 2072 996 2132; x_wconf 89' lang='lat' dir='ltr'><strong>litterarum</strong></span> <span class='ocrx_word' id='word_1_191' title='bbox 1015 2067 1118 2130; x_wconf 88' lang='lat' dir='ltr'><strong>ordine</strong></span> <span class='ocrx_word' id='word_1_192' title='bbox 1133 2069 1251 2146; x_wconf 87' lang='lat' dir='ltr'><strong>digesti,</strong></span> 
     </span>
     <span class='ocr_line' id='line_1_23' title="bbox 76 2152 1250 2238; baseline -0.002 -18"><span class='ocrx_word' id='word_1_193' title='bbox 76 2182 166 2238; x_wconf 86' lang='lat' dir='ltr'><strong>quem</strong></span> <span class='ocrx_word' id='word_1_194' title='bbox 185 2161 217 2220; x_wconf 92' lang='lat' dir='ltr'><strong>in</strong></span> <span class='ocrx_word' id='word_1_195' title='bbox 235 2164 391 2238; x_wconf 89' lang='lat' dir='ltr'><strong>poetarum</strong></span> <span class='ocrx_word' id='word_1_196' title='bbox 410 2161 538 2220; x_wconf 87' lang='lat' dir='ltr'><strong>maxime</strong></span> <span class='ocrx_word' id='word_1_197' title='bbox 557 2161 676 2238; x_wconf 88' lang='lat' dir='ltr'><strong>scriptis</strong></span> <span class='ocrx_word' id='word_1_198' title='bbox 691 2161 879 2222; x_wconf 89' lang='lat' dir='ltr'><strong>recensendis</strong></span> <span class='ocrx_word' id='word_1_199' title='bbox 895 2159 1169 2233; x_wconf 85' lang='lat' dir='ltr'><strong>animadvertimus,</strong></span> <span class='ocrx_word' id='word_1_200' title='bbox 1189 2152 1250 2235; x_wconf 69' lang='lat' dir='ltr'><strong>‘pe-</strong></span> 
     </span>
     <span class='ocr_line' id='line_1_24' title="bbox 77 2244 1250 2326; baseline -0.004 -14"><span class='ocrx_word' id='word_1_201' title='bbox 77 2252 221 2312; x_wconf 90' lang='lat' dir='ltr'><strong>culiarem</strong></span> <span class='ocrx_word' id='word_1_202' title='bbox 242 2250 348 2310; x_wconf 91' lang='lat' dir='ltr'><strong>sibiet</strong></span> <span class='ocrx_word' id='word_1_203' title='bbox 366 2244 532 2326; x_wconf 89' lang='lat' dir='ltr'><strong>proprium&#39;</strong></span> <span class='ocrx_word' id='word_1_204' title='bbox 555 2254 708 2310; x_wconf 88' lang='lat' dir='ltr'><strong>auctorem</strong></span> <span class='ocrx_word' id='word_1_205' title='bbox 726 2251 892 2324; x_wconf 86' lang='lat' dir='ltr'><strong>vindicant,</strong></span> <span class='ocrx_word' id='word_1_206' title='bbox 916 2251 948 2308; x_wconf 92' lang='lat' dir='ltr'><strong>in</strong></span> <span class='ocrx_word' id='word_1_207' title='bbox 971 2253 1128 2326; x_wconf 88' lang='lat' dir='ltr'><strong>poetarum</strong></span> <span class='ocrx_word' id='word_1_208' title='bbox 1149 2251 1250 2308; x_wconf 89' lang='lat' dir='ltr'><strong>autem</strong></span> 
     </span>
     <span class='ocr_line' id='line_1_25' title="bbox 74 2340 1193 2418; baseline -0.004 -18"><span class='ocrx_word' id='word_1_209' title='bbox 74 2341 146 2400; x_wconf 89' lang='lat' dir='ltr'><strong>vitis</strong></span> <span class='ocrx_word' id='word_1_210' title='bbox 165 2341 317 2417; x_wconf 90' lang='lat' dir='ltr'><strong>permulta</strong></span> <span class='ocrx_word' id='word_1_211' title='bbox 335 2340 473 2417; x_wconf 88' lang='lat' dir='ltr'><strong>Dionysii</strong></span> <span class='ocrx_word' id='word_1_212' title='bbox 492 2341 643 2416; x_wconf 91' lang='lat' dir='ltr'><strong>copiarum</strong></span> <span class='ocrx_word' id='word_1_213' title='bbox 661 2341 791 2418; x_wconf 84' lang='lat' dir='ltr'><strong>vestigia</strong></span> <span class='ocrx_word' id='word_1_214' title='bbox 807 2340 906 2400; x_wconf 89' lang='lat' dir='ltr'><strong>inesse</strong></span> <span class='ocrx_word' id='word_1_215' title='bbox 929 2343 1119 2416; x_wconf 88' lang='lat' dir='ltr'><strong>perspectum</strong></span> <span class='ocrx_word' id='word_1_216' title='bbox 1138 2341 1193 2397; x_wconf 90' lang='grc'>111.</span> 
     </span>
    </p>

    <p class='ocr_par' dir='ltr' id='par_1_4' title="bbox 73 2427 1251 2776">
     <span class='ocr_line' id='line_1_26' title="bbox 164 2427 1251 2506; baseline -0.001 -17"><span class='ocrx_word' id='word_1_217' title='bbox 164 2430 280 2489; x_wconf 91' lang='lat' dir='ltr'><strong>Dehinc</strong></span> <span class='ocrx_word' id='word_1_218' title='bbox 293 2429 415 2506; x_wconf 84' lang='lat' dir='ltr'><strong>gravior</strong></span> <span class='ocrx_word' id='word_1_219' title='bbox 429 2429 524 2490; x_wconf 85' lang='lat' dir='ltr'><strong>oritur</strong></span> <span class='ocrx_word' id='word_1_220' title='bbox 537 2431 681 2506; x_wconf 79' lang='lat' dir='ltr'><strong>quaestio,</strong></span> <span class='ocrx_word' id='word_1_221' title='bbox 701 2431 767 2506; x_wconf 88' lang='lat' dir='ltr'><strong>quis</strong></span> <span class='ocrx_word' id='word_1_222' title='bbox 786 2430 907 2490; x_wconf 86' lang='lat' dir='ltr'><strong>tandem</strong></span> <span class='ocrx_word' id='word_1_223' title='bbox 926 2429 1121 2506; x_wconf 87' lang='lat' dir='ltr'><strong>poetarum</strong></span> <span class='ocrx_word' id='word_1_224' title='bbox 1139 2427 1251 2488; x_wconf 93' lang='lat' dir='ltr'><strong>libro-</strong></span> 
     </span>
     <span class='ocr_line' id='line_1_27' title="bbox 73 2512 1251 2596; baseline -0.002 -18"><span class='ocrx_word' id='word_1_225' title='bbox 73 2540 151 2578; x_wconf 89' lang='lat' dir='ltr'><strong>rum</strong></span> <span class='ocrx_word' id='word_1_226' title='bbox 170 2520 318 2580; x_wconf 90' lang='lat' dir='ltr'><strong>tabulas</strong></span> <span class='ocrx_word' id='word_1_227' title='bbox 337 2517 482 2595; x_wconf 88' lang='lat' dir='ltr'><strong>Dionysio</strong></span> <span class='ocrx_word' id='word_1_228' title='bbox 501 2519 746 2595; x_wconf 88' lang='lat' dir='ltr'><strong>suppeditaverit.</strong></span> <span class='ocrx_word' id='word_1_229' title='bbox 784 2521 883 2596; x_wconf 88' lang='lat' dir='ltr'><strong>Atque</strong></span> <span class='ocrx_word' id='word_1_230' title='bbox 902 2518 1013 2578; x_wconf 89' lang='lat' dir='ltr'><strong>indices</strong></span> <span class='ocrx_word' id='word_1_231' title='bbox 1033 2515 1152 2594; x_wconf 90' lang='lat' dir='ltr'><strong>quidem</strong></span> <span class='ocrx_word' id='word_1_232' title='bbox 1171 2512 1251 2576; x_wconf 87' lang='grc' dir='ltr'>κατὰ</span> 
     </span>
     <span class='ocr_line' id='line_1_28' title="bbox 74 2607 1249 2684; baseline -0.003 -15"><span class='ocrx_word' id='word_1_233' title='bbox 74 2609 236 2683; x_wconf 78' lang='grc' dir='ltr'>(τοιχεῖον</span> <span class='ocrx_word' id='word_1_234' title='bbox 260 2607 419 2684; x_wconf 90' lang='lat' dir='ltr'><strong>dispositos</strong></span> <span class='ocrx_word' id='word_1_235' title='bbox 444 2627 479 2666; x_wconf 86' lang='lat' dir='ltr'><strong>ex</strong></span> <span class='ocrx_word' id='word_1_236' title='bbox 508 2608 817 2668; x_wconf 78' lang='lat' dir='ltr'><strong>bibliothecarum</strong></span> <span class='ocrx_word' id='word_1_237' title='bbox 845 2608 1026 2684; x_wconf 86' lang='lat' dir='ltr'><strong>catalogis</strong></span> <span class='ocrx_word' id='word_1_238' title='bbox 1050 2625 1116 2666; x_wconf 90' lang='lat' dir='ltr'><strong>esse</strong></span> <span class='ocrx_word' id='word_1_239' title='bbox 1138 2607 1249 2682; x_wconf 90' lang='lat' dir='ltr'><strong>petitos</strong></span> 
     </span>
     <span class='ocr_line' id='line_1_29' title="bbox 76 2695 1250 2776; baseline -0.003 -18"><span class='ocrx_word' id='word_1_240' title='bbox 76 2699 284 2776; x_wconf 89' lang='lat' dir='ltr'><strong>optimamque</strong></span> <span class='ocrx_word' id='word_1_241' title='bbox 307 2699 418 2757; x_wconf 89' lang='lat' dir='ltr'><strong>habere</strong></span> <span class='ocrx_word' id='word_1_242' title='bbox 442 2698 652 2758; x_wconf 85' lang='lat' dir='ltr'><strong>auctoritatem</strong></span> <span class='ocrx_word' id='word_1_243' title='bbox 671 2698 784 2758; x_wconf 91' lang='lat' dir='ltr'><strong>dudum</strong></span> <span class='ocrx_word' id='word_1_244' title='bbox 806 2699 992 2760; x_wconf 87' lang='lat' dir='ltr'><strong>intellectum</strong></span> <span class='ocrx_word' id='word_1_245' title='bbox 1020 2699 1066 2757; x_wconf 92' lang='grc'><strong>111</strong></span> <span class='ocrx_word' id='word_1_246' title='bbox 1089 2695 1250 2776; x_wconf 77' lang='grc'>(11111111-</span> 
     </span>
    </p>
   </div>
   <div class='ocr_carea' id='block_1_3' title="bbox 68 2881 1267 4386">
    <p class='ocr_par' dir='ltr' id='par_1_5' title="bbox 68 2881 1267 4386">
     <span class='ocr_line' id='line_1_30' title="bbox 73 2881 1249 2953; baseline -0.004 -11"><span class='ocrx_word' id='word_1_247' title='bbox 73 2887 103 2942; x_wconf 88' lang='lat' dir='ltr'><strong>in</strong></span> <span class='ocrx_word' id='word_1_248' title='bbox 127 2887 320 2942; x_wconf 87' lang='lat' dir='ltr'><strong>testimonium</strong></span> <span class='ocrx_word' id='word_1_249' title='bbox 343 2886 438 2940; x_wconf 88' lang='lat' dir='ltr'><strong>vocari</strong></span> <span class='ocrx_word' id='word_1_250' title='bbox 461 2886 543 2940; x_wconf 88' lang='lat' dir='ltr'><strong>illurn</strong></span> <span class='ocrx_word' id='word_1_251' title='bbox 568 2885 712 2940; x_wconf 90' lang='lat' dir='ltr'><strong>contendit</strong></span> <span class='ocrx_word' id='word_1_252' title='bbox 731 2904 748 2940; x_wconf 91' lang='grc'><strong>1</strong></span> <span class='ocrx_word' id='word_1_253' title='bbox 768 2903 834 2941; x_wconf 84' lang='grc'>1111</span> <span class='ocrx_word' id='word_1_254' title='bbox 858 2886 978 2940; x_wconf 90' lang='lat' dir='ltr'><strong>multum</strong></span> <span class='ocrx_word' id='word_1_255' title='bbox 1001 2883 1114 2938; x_wconf 87' lang='lat' dir='ltr'><strong>recedit.</strong></span> <span class='ocrx_word' id='word_1_256' title='bbox 1151 2881 1249 2953; x_wconf 88' lang='lat' dir='ltr'><strong>Neque</strong></span> 
     </span>
     <span class='ocr_line' id='line_1_31' title="bbox 73 2956 1249 3028; baseline -0.004 -15"><span class='ocrx_word' id='word_1_257' title='bbox 73 2959 149 3013; x_wconf 90' lang='lat' dir='ltr'><strong>enim</strong></span> <span class='ocrx_word' id='word_1_258' title='bbox 169 2957 285 3013; x_wconf 90' lang='lat' dir='ltr'><strong>dubium</strong></span> <span class='ocrx_word' id='word_1_259' title='bbox 309 2960 351 3013; x_wconf 90' lang='lat' dir='ltr'><strong>est</strong></span> <span class='ocrx_word' id='word_1_260' title='bbox 375 2957 441 3026; x_wconf 85' lang='lat' dir='ltr'><strong>quin</strong></span> <span class='ocrx_word' id='word_1_261' title='bbox 459 2959 554 3028; x_wconf 89' lang='lat' dir='ltr'><strong>glossa</strong></span> <span class='ocrx_word' id='word_1_262' title='bbox 572 2956 599 3011; x_wconf 85' lang='lat'><strong>11</strong></span> <span class='ocrx_word' id='word_1_263' title='bbox 617 2976 637 3011; x_wconf 89' lang='grc'><strong>1.</strong></span> <span class='ocrx_word' id='word_1_264' title='bbox 658 2958 817 3026; x_wconf 84' lang='grc' dir='ltr'>(ωτηρίδας</span> <span class='ocrx_word' id='word_1_265' title='bbox 841 2958 1036 3026; x_wconf 85' lang='grc' dir='ltr'>(Ἐπιδαύριος,</span> <span class='ocrx_word' id='word_1_266' title='bbox 1059 2957 1153 3023; x_wconf 87' lang='grc' dir='ltr'>πατὴρ</span> <span class='ocrx_word' id='word_1_267' title='bbox 1171 2956 1249 3021; x_wconf 92' lang='grc' dir='ltr'>Παμ-</span> 
     </span>
     <span class='ocr_line' id='line_1_32' title="bbox 73 3024 1251 3100; baseline -0.005 -15"><span class='ocrx_word' id='word_1_268' title='bbox 73 3031 170 3099; x_wconf 72' lang='grc' dir='ltr'>φίλης,</span> <span class='ocrx_word' id='word_1_269' title='bbox 196 3033 213 3100; x_wconf 84' lang='grc' dir='ltr'>ῆ</span> <span class='ocrx_word' id='word_1_270' title='bbox 237 3031 273 3084; x_wconf 87' lang='grc' dir='ltr'><strong>τά</strong></span> <span class='ocrx_word' id='word_1_271' title='bbox 291 3031 477 3098; x_wconf 86' lang='grc' dir='ltr'>ὑπομνήματα</span> <span class='ocrx_word' id='word_1_272' title='bbox 495 3031 657 3097; x_wconf 81' lang='grc' dir='ltr'>ὑπέγραψεν</span> <span class='ocrx_word' id='word_1_273' title='bbox 667 3031 717 3098; x_wconf 74' lang='grc'>(1),</span> <span class='ocrx_word' id='word_1_274' title='bbox 742 3033 781 3084; x_wconf 81' lang='grc' dir='ltr'><strong>ὡ(</strong></span> <span class='ocrx_word' id='word_1_275' title='bbox 798 3030 944 3083; x_wconf 88' lang='grc' dir='ltr'>Διονύςιος</span> <span class='ocrx_word' id='word_1_276' title='bbox 962 3029 992 3081; x_wconf 83' lang='grc' dir='ltr'><strong>ἐν</strong></span> <span class='ocrx_word' id='word_1_277' title='bbox 1010 3024 1033 3080; x_wconf 86' lang='grc' dir='ltr'><strong>λ’</strong></span> <span class='ocrx_word' id='word_1_278' title='bbox 1052 3031 1104 3094; x_wconf 77' lang='grc' dir='ltr'><strong>τῆ(</strong></span> <span class='ocrx_word' id='word_1_279' title='bbox 1123 3031 1251 3094; x_wconf 89' lang='grc' dir='ltr'>μουςικῆς</span> 
     </span>
     <span class='ocr_line' id='line_1_33' title="bbox 74 3096 1249 3171; baseline -0.004 -14"><span class='ocrx_word' id='word_1_280' title='bbox 74 3102 202 3170; x_wconf 88' lang='grc' dir='ltr'>ἱςτορίας,</span> <span class='ocrx_word' id='word_1_281' title='bbox 223 3101 310 3168; x_wconf 84' lang='grc' dir='ltr'><strong>βιβλία</strong></span> <span class='ocrx_word' id='word_1_282' title='bbox 323 3098 348 3166; x_wconf 91' lang='grc' dir='ltr'><strong>γ’</strong></span> <span class='ocrx_word' id='word_1_283' title='bbox 360 3103 394 3171; x_wconf 70' lang='grc'><strong>(1)</strong></span> <span class='ocrx_word' id='word_1_284' title='bbox 413 3099 497 3170; x_wconf 87' lang='lat' dir='ltr'><strong>pretii</strong></span> <span class='ocrx_word' id='word_1_285' title='bbox 516 3101 619 3155; x_wconf 90' lang='lat' dir='ltr'><strong>nullius</strong></span> <span class='ocrx_word' id='word_1_286' title='bbox 634 3099 670 3154; x_wconf 88' lang='lat' dir='ltr'><strong>sit</strong></span> <span class='ocrx_word' id='word_1_287' title='bbox 683 3103 781 3168; x_wconf 87' lang='lat' dir='ltr'><strong>utpote</strong></span> <span class='ocrx_word' id='word_1_288' title='bbox 800 3117 834 3154; x_wconf 88' lang='lat' dir='ltr'><strong>ex</strong></span> <span class='ocrx_word' id='word_1_289' title='bbox 853 3099 944 3155; x_wconf 85' lang='lat' dir='ltr'><strong>verbis</strong></span> <span class='ocrx_word' id='word_1_290' title='bbox 958 3117 978 3152; x_wconf 93' lang='grc'><strong>1.</strong></span> <span class='ocrx_word' id='word_1_291' title='bbox 993 3097 1128 3165; x_wconf 84' lang='grc' dir='ltr'>Παμφίλη</span> <span class='ocrx_word' id='word_1_292' title='bbox 1148 3096 1249 3152; x_wconf 88' lang='lat' dir='ltr'><strong>misere</strong></span> 
     </span>
     <span class='ocr_line' id='line_1_34' title="bbox 73 3167 1249 3241; baseline -0.006 -13"><span class='ocrx_word' id='word_1_293' title='bbox 73 3174 251 3229; x_wconf 83' lang='lat' dir='ltr'><strong>conformata</strong></span> <span class='ocrx_word' id='word_1_294' title='bbox 265 3173 309 3240; x_wconf 85' lang='lat' dir='ltr'><strong>(cf.</strong></span> <span class='ocrx_word' id='word_1_295' title='bbox 325 3189 397 3240; x_wconf 88' lang='lat' dir='ltr'><strong>quae</strong></span> <span class='ocrx_word' id='word_1_296' title='bbox 413 3171 470 3226; x_wconf 88' lang='lat' dir='ltr'><strong>dixi</strong></span> <span class='ocrx_word' id='word_1_297' title='bbox 484 3173 554 3228; x_wconf 89' lang='lat' dir='ltr'><strong>Mus.</strong></span> <span class='ocrx_word' id='word_1_298' title='bbox 569 3172 621 3226; x_wconf 91' lang='lat' dir='ltr'><strong>Rh.</strong></span> <span class='ocrx_word' id='word_1_299' title='bbox 636 3191 663 3225; x_wconf 92' lang='lat' dir='ltr'><strong>n.</strong></span> <span class='ocrx_word' id='word_1_300' title='bbox 675 3172 787 3241; x_wconf 84' lang='lat' dir='ltr'><strong>XXXV,</strong></span> <span class='ocrx_word' id='word_1_301' title='bbox 798 3177 831 3226; x_wconf 80' lang='grc'><strong>18</strong></span> <span class='ocrx_word' id='word_1_302' title='bbox 843 3173 905 3240; x_wconf 81' lang='lat' dir='ltr'><strong>sq).</strong></span> <span class='ocrx_word' id='word_1_303' title='bbox 925 3169 1052 3237; x_wconf 87' lang='lat' dir='ltr'><strong>Denique</strong></span> <span class='ocrx_word' id='word_1_304' title='bbox 1063 3167 1249 3223; x_wconf 87' lang='lat' dir='ltr'><strong>Schneiderus</strong></span> 
     </span>
     <span class='ocr_line' id='line_1_35' title="bbox 72 3239 1249 3315; baseline -0.005 -15"><span class='ocrx_word' id='word_1_305' title='bbox 72 3262 131 3300; x_wconf 89' lang='lat' dir='ltr'><strong>non</strong></span> <span class='ocrx_word' id='word_1_306' title='bbox 160 3243 280 3315; x_wconf 89' lang='lat' dir='ltr'><strong>amplius</strong></span> <span class='ocrx_word' id='word_1_307' title='bbox 309 3244 456 3298; x_wconf 89' lang='lat' dir='ltr'><strong>mirabitur</strong></span> <span class='ocrx_word' id='word_1_308' title='bbox 483 3243 558 3312; x_wconf 89' lang='lat' dir='ltr'><strong>quod</strong></span> <span class='ocrx_word' id='word_1_309' title='bbox 586 3245 684 3298; x_wconf 89' lang='lat' dir='ltr'><strong>auctor</strong></span> <span class='ocrx_word' id='word_1_310' title='bbox 711 3243 833 3298; x_wconf 90' lang='lat' dir='ltr'><strong>musicae</strong></span> <span class='ocrx_word' id='word_1_311' title='bbox 860 3241 993 3308; x_wconf 77' lang='lat' dir='ltr'><strong>historiae</strong></span> <span class='ocrx_word' id='word_1_312' title='bbox 1021 3240 1055 3294; x_wconf 90' lang='lat' dir='ltr'><strong>de</strong></span> <span class='ocrx_word' id='word_1_313' title='bbox 1083 3239 1249 3308; x_wconf 85' lang='lat' dir='ltr'><strong>Pamphilae</strong></span> 
     </span>
     <span class='ocr_line' id='line_1_36' title="bbox 71 3311 1248 3382; baseline -0.006 -12"><span class='ocrx_word' id='word_1_314' title='bbox 71 3317 208 3371; x_wconf 86' lang='lat' dir='ltr'><strong>librorum</strong></span> <span class='ocrx_word' id='word_1_315' title='bbox 227 3315 396 3371; x_wconf 87' lang='lat' dir='ltr'><strong>auctoritate</strong></span> <span class='ocrx_word' id='word_1_316' title='bbox 415 3313 578 3369; x_wconf 85' lang='lat' dir='ltr'><strong>disseruisse</strong></span> <span class='ocrx_word' id='word_1_317' title='bbox 597 3313 706 3381; x_wconf 89' lang='lat' dir='ltr'><strong>dicitnr,</strong></span> <span class='ocrx_word' id='word_1_318' title='bbox 726 3314 750 3369; x_wconf 91' lang='lat' dir='ltr'><strong>si</strong></span> <span class='ocrx_word' id='word_1_319' title='bbox 768 3313 862 3370; x_wconf 90' lang='lat' dir='ltr'><strong>Photii</strong></span> <span class='ocrx_word' id='word_1_320' title='bbox 881 3313 963 3382; x_wconf 90' lang='lat' dir='ltr'><strong>(Bibl.</strong></span> <span class='ocrx_word' id='word_1_321' title='bbox 983 3311 1050 3367; x_wconf 80' lang='lat' dir='ltr'><strong>(lod.</strong></span> <span class='ocrx_word' id='word_1_322' title='bbox 1071 3315 1131 3379; x_wconf 81' lang='grc'>171,</span> <span class='ocrx_word' id='word_1_323' title='bbox 1146 3317 1180 3364; x_wconf 89' lang='grc'><strong>33</strong></span> <span class='ocrx_word' id='word_1_324' title='bbox 1196 3315 1248 3379; x_wconf 86' lang='lat' dir='ltr'><strong>sq.)</strong></span> 
     </span>
     <span class='ocr_line' id='line_1_37' title="bbox 71 3382 1249 3450; baseline -0.006 -9"><span class='ocrx_word' id='word_1_325' title='bbox 71 3390 107 3442; x_wconf 90' lang='lat' dir='ltr'><strong>de</strong></span> <span class='ocrx_word' id='word_1_326' title='bbox 127 3388 209 3442; x_wconf 89' lang='lat' dir='ltr'><strong>huius</strong></span> <span class='ocrx_word' id='word_1_327' title='bbox 229 3387 328 3442; x_wconf 89' lang='lat' dir='ltr'><strong>studiis</strong></span> <span class='ocrx_word' id='word_1_328' title='bbox 351 3386 543 3442; x_wconf 83' lang='lat' dir='ltr'><strong>testimonium</strong></span> <span class='ocrx_word' id='word_1_329' title='bbox 567 3386 680 3440; x_wconf 89' lang='lat' dir='ltr'><strong>adtente</strong></span> <span class='ocrx_word' id='word_1_330' title='bbox 707 3383 935 3441; x_wconf 85' lang='lat' dir='ltr'><strong>consideraverit.</strong></span> <span class='ocrx_word' id='word_1_331' title='bbox 974 3382 1018 3436; x_wconf 91' lang='lat' dir='ltr'><strong>Ibi</strong></span> <span class='ocrx_word' id='word_1_332' title='bbox 1039 3382 1156 3450; x_wconf 87' lang='lat' dir='ltr'><strong>legitur:</strong></span> <span class='ocrx_word' id='word_1_333' title='bbox 1184 3383 1249 3450; x_wconf 79' lang='grc' dir='ltr'>χρῆ·</span> 
     </span>
     <span class='ocr_line' id='line_1_38' title="bbox 72 3453 1249 3526; baseline -0.005 -14"><span class='ocrx_word' id='word_1_334' title='bbox 72 3477 151 3525; x_wconf 92' lang='grc' dir='ltr'>ςιμον</span> <span class='ocrx_word' id='word_1_335' title='bbox 175 3461 206 3513; x_wconf 82' lang='grc' dir='ltr'><strong>δὲ</strong></span> <span class='ocrx_word' id='word_1_336' title='bbox 230 3461 263 3513; x_wconf 86' lang='grc' dir='ltr'><strong>τὸ</strong></span> <span class='ocrx_word' id='word_1_337' title='bbox 289 3457 390 3525; x_wconf 84' lang='grc' dir='ltr'>βιβλίον</span> <span class='ocrx_word' id='word_1_338' title='bbox 409 3462 457 3526; x_wconf 88' lang='lat' dir='ltr'><strong>(sc.</strong></span> <span class='ocrx_word' id='word_1_339' title='bbox 482 3457 625 3524; x_wconf 78' lang='grc' dir='ltr'>ίετορικων</span> <span class='ocrx_word' id='word_1_340' title='bbox 649 3458 872 3526; x_wconf 85' lang='grc' dir='ltr'>ὑπομνημάτων)</span> <span class='ocrx_word' id='word_1_341' title='bbox 898 3457 936 3510; x_wconf 87' lang='grc' dir='ltr'><strong>εἰς</strong></span> <span class='ocrx_word' id='word_1_342' title='bbox 958 3453 1143 3520; x_wconf 77' lang='grc' dir='ltr'>πολυμαθίαν</span> <span class='ocrx_word' id='word_1_343' title='bbox 1173 3455 1249 3520; x_wconf 86' lang='grc' dir='ltr'>εὕροι</span> 
     </span>
     <span class='ocr_line' id='line_1_39' title="bbox 70 3525 1249 3596; baseline -0.006 -12"><span class='ocrx_word' id='word_1_344' title='bbox 70 3537 142 3596; x_wconf 75' lang='grc' dir='ltr'>γοῦν</span> <span class='ocrx_word' id='word_1_345' title='bbox 162 3533 196 3584; x_wconf 90' lang='grc' dir='ltr'><strong>ἄν</strong></span> <span class='ocrx_word' id='word_1_346' title='bbox 214 3547 256 3584; x_wconf 89' lang='grc' dir='ltr'><strong>τις</strong></span> <span class='ocrx_word' id='word_1_347' title='bbox 274 3533 318 3584; x_wconf 85' lang='grc' dir='ltr'><strong>καί</strong></span> <span class='ocrx_word' id='word_1_348' title='bbox 332 3535 390 3584; x_wconf 82' lang='grc' dir='ltr'><strong>τῶν</strong></span> <span class='ocrx_word' id='word_1_349' title='bbox 404 3530 531 3596; x_wconf 79' lang='grc' dir='ltr'>ίετοριων</span> <span class='ocrx_word' id='word_1_350' title='bbox 546 3531 597 3582; x_wconf 80' lang='grc' dir='ltr'><strong>οὐκ</strong></span> <span class='ocrx_word' id='word_1_351' title='bbox 611 3529 691 3593; x_wconf 85' lang='grc' dir='ltr'>ὀλίγα</span> <span class='ocrx_word' id='word_1_352' title='bbox 705 3531 841 3594; x_wconf 73' lang='grc' dir='ltr'>ἀναγκαῖα</span> <span class='ocrx_word' id='word_1_353' title='bbox 855 3531 899 3581; x_wconf 83' lang='grc' dir='ltr'><strong>καὶ</strong></span> <span class='ocrx_word' id='word_1_354' title='bbox 914 3530 948 3594; x_wconf 89' lang='grc' dir='ltr'><strong>δῆ</strong></span> <span class='ocrx_word' id='word_1_355' title='bbox 964 3528 1008 3579; x_wconf 83' lang='grc' dir='ltr'><strong>καί</strong></span> <span class='ocrx_word' id='word_1_356' title='bbox 1023 3525 1249 3592; x_wconf 84' lang='grc' dir='ltr'>ἀποφθεγμάτων</span> 
     </span>
     <span class='ocr_line' id='line_1_40' title="bbox 70 3595 1249 3677; baseline -0.003 -23"><span class='ocrx_word' id='word_1_357' title='bbox 70 3605 117 3656; x_wconf 77' lang='lat' dir='ltr'><strong>aul</strong></span> <span class='ocrx_word' id='word_1_358' title='bbox 132 3605 281 3670; x_wconf 84' lang='grc' dir='ltr'>ῥητορικῆς</span> <span class='ocrx_word' id='word_1_359' title='bbox 295 3604 435 3668; x_wconf 73' lang='grc' dir='ltr'>διατριβῆς</span> <span class='ocrx_word' id='word_1_360' title='bbox 448 3603 507 3654; x_wconf 84' lang='grc' dir='ltr'>ἔνια</span> <span class='ocrx_word' id='word_1_361' title='bbox 522 3603 566 3654; x_wconf 86' lang='grc' dir='ltr'><strong>καί</strong></span> <span class='ocrx_word' id='word_1_362' title='bbox 585 3600 740 3667; x_wconf 89' lang='grc' dir='ltr'>φιλοςόφου</span> <span class='ocrx_word' id='word_1_363' title='bbox 760 3599 877 3666; x_wconf 85' lang='grc' dir='ltr'>θεωρίας</span> <span class='ocrx_word' id='word_1_364' title='bbox 895 3601 940 3651; x_wconf 86' lang='grc' dir='ltr'><strong>καί</strong></span> <span class='ocrx_word' id='word_1_365' title='bbox 958 3600 1138 3663; x_wconf 85' lang='grc' dir='ltr'>ποιητικῆς</span> <span class='ocrx_word' id='word_1_366' title='bbox 1157 3595 1249 3677; x_wconf 79' lang='grc' dir='ltr'>ἰδέας</span> 
     </span>
     <span class='ocr_line' id='line_1_41' title="bbox 71 3667 1248 3739; baseline -0.005 -12"><span class='ocrx_word' id='word_1_367' title='bbox 71 3677 127 3727; x_wconf 83' lang='grc' dir='ltr'><strong>καὶ</strong></span> <span class='ocrx_word' id='word_1_368' title='bbox 146 3674 388 3728; x_wconf 83' lang='grc' dir='ltr'>εἴτιτοιοῦτον</span> <span class='ocrx_word' id='word_1_369' title='bbox 412 3672 558 3739; x_wconf 82' lang='grc' dir='ltr'>ἐμπέςοι.</span> <span class='ocrx_word' id='word_1_370' title='bbox 596 3670 702 3736; x_wconf 80' lang='lat' dir='ltr'><strong>Quibus</strong></span> <span class='ocrx_word' id='word_1_371' title='bbox 722 3687 755 3726; x_wconf 84' lang='grc'><strong>11</strong></span> <span class='ocrx_word' id='word_1_372' title='bbox 774 3670 867 3725; x_wconf 86' lang='lat' dir='ltr'><strong>verbis</strong></span> <span class='ocrx_word' id='word_1_373' title='bbox 886 3669 978 3724; x_wconf 88' lang='lat' dir='ltr'><strong>elucet</strong></span> <span class='ocrx_word' id='word_1_374' title='bbox 997 3667 1161 3736; x_wconf 90' lang='lat' dir='ltr'><strong>Dionysium</strong></span> <span class='ocrx_word' id='word_1_375' title='bbox 1180 3670 1248 3721; x_wconf 79' lang='lat' dir='ltr'><strong>eatis</strong></span> 
     </span>
     <span class='ocr_line' id='line_1_42' title="bbox 70 3737 1248 3820; baseline -0.006 -21"><span class='ocrx_word' id='word_1_376' title='bbox 70 3744 206 3800; x_wconf 83' lang='lat' dir='ltr'><strong>habuisse</strong></span> <span class='ocrx_word' id='word_1_377' title='bbox 224 3761 325 3799; x_wconf 85' lang='lat' dir='ltr'><strong>caueae</strong></span> <span class='ocrx_word' id='word_1_378' title='bbox 345 3744 420 3812; x_wconf 90' lang='lat' dir='ltr'><strong>quod</strong></span> <span class='ocrx_word' id='word_1_379' title='bbox 438 3743 468 3797; x_wconf 91' lang='lat' dir='ltr'><strong>in</strong></span> <span class='ocrx_word' id='word_1_380' title='bbox 487 3760 570 3812; x_wconf 87' lang='lat' dir='ltr'><strong>opere</strong></span> <span class='ocrx_word' id='word_1_381' title='bbox 588 3759 637 3797; x_wconf 91' lang='grc'><strong>111</strong></span> <span class='ocrx_word' id='word_1_382' title='bbox 657 3741 829 3797; x_wconf 87' lang='lat' dir='ltr'><strong>mentionem</strong></span> <span class='ocrx_word' id='word_1_383' title='bbox 844 3740 1008 3810; x_wconf 87' lang='lat' dir='ltr'><strong>Pamphilae</strong></span> <span class='ocrx_word' id='word_1_384' title='bbox 1027 3739 1140 3820; x_wconf 78' lang='lat' dir='ltr'><strong>faceret.</strong></span> <span class='ocrx_word' id='word_1_385' title='bbox 1173 3737 1248 3808; x_wconf 84' lang='lat' dir='ltr'><strong>Ergo</strong></span> 
     </span>
     <span class='ocr_line' id='line_1_43' title="bbox 70 3810 1248 3891; baseline -0.008 -19"><span class='ocrx_word' id='word_1_386' title='bbox 70 3815 184 3872; x_wconf 86' lang='lat' dir='ltr'><strong>conruit</strong></span> <span class='ocrx_word' id='word_1_387' title='bbox 194 3813 486 3884; x_wconf 85' lang='lat' dir='ltr'><strong>Schneiderisuspicio</strong></span> <span class='ocrx_word' id='word_1_388' title='bbox 494 3813 658 3882; x_wconf 90' lang='lat' dir='ltr'><strong>Dionysium</strong></span> <span class='ocrx_word' id='word_1_389' title='bbox 668 3830 762 3868; x_wconf 90' lang='lat' dir='ltr'><strong>eorum</strong></span> <span class='ocrx_word' id='word_1_390' title='bbox 774 3811 1020 3883; x_wconf 86' lang='lat' dir='ltr'><strong>grammaticorum</strong></span> <span class='ocrx_word' id='word_1_391' title='bbox 1032 3811 1103 3891; x_wconf 78' lang='grc'>11111</span> <span class='ocrx_word' id='word_1_392' title='bbox 1112 3810 1248 3890; x_wconf 82' lang='lat' dir='ltr'><strong>tractasse</strong></span> 
     </span>
     <span class='ocr_line' id='line_1_44' title="bbox 71 3880 1247 3958; baseline -0.008 -16"><span class='ocrx_word' id='word_1_393' title='bbox 71 3886 124 3958; x_wconf 90' lang='lat' dir='ltr'><strong>qui</strong></span> <span class='ocrx_word' id='word_1_394' title='bbox 142 3888 256 3941; x_wconf 88' lang='lat' dir='ltr'><strong>illorum</strong></span> <span class='ocrx_word' id='word_1_395' title='bbox 275 3887 399 3942; x_wconf 85' lang='lat' dir='ltr'><strong>carmina</strong></span> <span class='ocrx_word' id='word_1_396' title='bbox 419 3885 591 3940; x_wconf 88' lang='lat' dir='ltr'><strong>conmentati</strong></span> <span class='ocrx_word' id='word_1_397' title='bbox 608 3885 701 3940; x_wconf 79' lang='lat' dir='ltr'><strong>assent</strong></span> <span class='ocrx_word' id='word_1_398' title='bbox 723 3883 872 3954; x_wconf 88' lang='lat' dir='ltr'><strong>opinantis.</strong></span> <span class='ocrx_word' id='word_1_399' title='bbox 892 3914 924 3923; x_wconf 92' lang='lat'>-</span> <span class='ocrx_word' id='word_1_400' title='bbox 948 3882 980 3950; x_wconf 91' lang='lat'><strong>¹¹)</strong></span> <span class='ocrx_word' id='word_1_401' title='bbox 1000 3880 1105 3934; x_wconf 78' lang='lat' dir='ltr'><strong>Dubito</strong></span> <span class='ocrx_word' id='word_1_402' title='bbox 1129 3880 1247 3934; x_wconf 75' lang='lat' dir='ltr'><strong>huiusne</strong></span> 
     </span>
     <span class='ocr_line' id='line_1_45' title="bbox 71 3953 1246 4028; baseline -0.007 -15"><span class='ocrx_word' id='word_1_403' title='bbox 71 3957 200 4028; x_wconf 86' lang='lat' dir='ltr'><strong>Dionysii</strong></span> <span class='ocrx_word' id='word_1_404' title='bbox 219 3975 289 4028; x_wconf 89' lang='lat' dir='ltr'><strong>opus</strong></span> <span class='ocrx_word' id='word_1_405' title='bbox 309 3975 326 4011; x_wconf 89' lang='lat' dir='ltr'><strong>a</strong></span> <span class='ocrx_word' id='word_1_406' title='bbox 346 3958 432 4013; x_wconf 89' lang='lat' dir='ltr'><strong>Suida</strong></span> <span class='ocrx_word' id='word_1_407' title='bbox 452 3957 581 4011; x_wconf 88' lang='lat' dir='ltr'><strong>laudetur</strong></span> <span class='ocrx_word' id='word_1_408' title='bbox 600 3974 620 4012; x_wconf 90' lang='grc'><strong>1.</strong></span> <span class='ocrx_word' id='word_1_409' title='bbox 642 3959 761 4024; x_wconf 89' lang='grc' dir='ltr'>Ὀρφεὺς</span> <span class='ocrx_word' id='word_1_410' title='bbox 780 3954 1116 4023; x_wconf 79' lang='grc' dir='ltr'>Ὀδρ11η(..Διονύςιος</span> <span class='ocrx_word' id='word_1_411' title='bbox 1134 3953 1165 4005; x_wconf 84' lang='grc' dir='ltr'><strong>δὲ</strong></span> <span class='ocrx_word' id='word_1_412' title='bbox 1183 3957 1246 4005; x_wconf 77' lang='lat' dir='ltr'><strong>rot-</strong></span> 
     </span>
     <span class='ocr_line' id='line_1_46' title="bbox 69 4022 1244 4097; baseline -0.007 -12"><span class='ocrx_word' id='word_1_413' title='bbox 69 4049 123 4086; x_wconf 89' lang='grc' dir='ltr'><strong>τον</strong></span> <span class='ocrx_word' id='word_1_414' title='bbox 142 4031 207 4084; x_wconf 83' lang='grc' dir='ltr'>οὐδὲ</span> <span class='ocrx_word' id='word_1_415' title='bbox 226 4031 371 4095; x_wconf 88' lang='grc' dir='ltr'>γεγονέναι</span> <span class='ocrx_word' id='word_1_416' title='bbox 385 4031 457 4094; x_wconf 88' lang='grc' dir='ltr'>λέγει</span> <span class='ocrx_word' id='word_1_417' title='bbox 476 4028 522 4097; x_wconf 91' lang='lat' dir='ltr'><strong>(cf.</strong></span> <span class='ocrx_word' id='word_1_418' title='bbox 543 4028 627 4083; x_wconf 88' lang='lat' dir='ltr'><strong>etiam</strong></span> <span class='ocrx_word' id='word_1_419' title='bbox 646 4027 767 4084; x_wconf 84' lang='lat' dir='ltr'><strong>Lobeck.</strong></span> <span class='ocrx_word' id='word_1_420' title='bbox 783 4027 920 4096; x_wconf 83' lang='lat' dir='ltr'><strong>Aglaoph.</strong></span> <span class='ocrx_word' id='word_1_421' title='bbox 936 4024 956 4092; x_wconf 90' lang='lat'><strong>1,</strong></span> <span class='ocrx_word' id='word_1_422' title='bbox 973 4028 1033 4093; x_wconf 80' lang='lat'><strong>352,</strong></span> <span class='ocrx_word' id='word_1_423' title='bbox 1053 4022 1244 4078; x_wconf 81' lang='grc' dir='ltr'>11Ε.Μ1111.</span> 
     </span>
     <span class='ocr_line' id='line_1_47' title="bbox 68 4094 1247 4171; baseline -0.007 -15"><span class='ocrx_word' id='word_1_424' title='bbox 68 4103 106 4156; x_wconf 86' lang='lat' dir='ltr'><strong>de</strong></span> <span class='ocrx_word' id='word_1_425' title='bbox 127 4101 225 4171; x_wconf 86' lang='lat' dir='ltr'><strong>Sibyll.</strong></span> <span class='ocrx_word' id='word_1_426' title='bbox 243 4101 327 4156; x_wconf 90' lang='lat' dir='ltr'><strong>indic.</strong></span> <span class='ocrx_word' id='word_1_427' title='bbox 348 4105 447 4169; x_wconf 85' lang='grc'>(1879),</span> <span class='ocrx_word' id='word_1_428' title='bbox 466 4118 492 4169; x_wconf 92' lang='lat' dir='ltr'><strong>p.</strong></span> <span class='ocrx_word' id='word_1_429' title='bbox 509 4105 592 4166; x_wconf 68' lang='grc'>111.</span> <span class='ocrx_word' id='word_1_430' title='bbox 610 4100 681 4168; x_wconf 85' lang='grc'>173),</span> <span class='ocrx_word' id='word_1_431' title='bbox 699 4098 786 4154; x_wconf 88' lang='lat' dir='ltr'><strong>immo</strong></span> <span class='ocrx_word' id='word_1_432' title='bbox 805 4096 968 4167; x_wconf 88' lang='lat' dir='ltr'><strong>Dionysium</strong></span> <span class='ocrx_word' id='word_1_433' title='bbox 982 4094 1146 4150; x_wconf 85' lang='lat' dir='ltr'><strong>Phaseliten</strong></span> <span class='ocrx_word' id='word_1_434' title='bbox 1163 4111 1247 4162; x_wconf 87' lang='lat' dir='ltr'><strong>quem</strong></span> 
     </span>
     <span class='ocr_line' id='line_1_48' title="bbox 68 4165 1267 4242; baseline -0.008 -14"><span class='ocrx_word' id='word_1_435' title='bbox 68 4177 134 4241; x_wconf 85' lang='grc' dir='ltr'>περί</span> <span class='ocrx_word' id='word_1_436' title='bbox 157 4178 282 4240; x_wconf 83' lang='grc' dir='ltr'>ποιητῶν</span> <span class='ocrx_word' id='word_1_437' title='bbox 302 4172 347 4242; x_wconf 85' lang='lat' dir='ltr'><strong>(cf.</strong></span> <span class='ocrx_word' id='word_1_438' title='bbox 368 4172 424 4225; x_wconf 81' lang='lat' dir='ltr'><strong>vic.</strong></span> <span class='ocrx_word' id='word_1_439' title='bbox 443 4170 575 4225; x_wconf 87' lang='lat' dir='ltr'><strong>Nicandr.</strong></span> <span class='ocrx_word' id='word_1_440' title='bbox 594 4170 623 4224; x_wconf 92' lang='lat' dir='ltr'><strong>in</strong></span> <span class='ocrx_word' id='word_1_441' title='bbox 642 4171 789 4225; x_wconf 86' lang='lat' dir='ltr'><strong>Westcrm.</strong></span> <span class='ocrx_word' id='word_1_442' title='bbox 808 4169 901 4238; x_wconf 88' lang='lat' dir='ltr'><strong>Biogr.</strong></span> <span class='ocrx_word' id='word_1_443' title='bbox 921 4187 948 4238; x_wconf 91' lang='lat' dir='ltr'><strong>p.</strong></span> <span class='ocrx_word' id='word_1_444' title='bbox 969 4175 1007 4234; x_wconf 87' lang='grc'><strong>61,</strong></span> <span class='ocrx_word' id='word_1_445' title='bbox 1030 4167 1075 4235; x_wconf 81' lang='lat'><strong>20)</strong></span> <span class='ocrx_word' id='word_1_446' title='bbox 1101 4165 1244 4234; x_wconf 87' lang='lat' dir='ltr'><strong>scripsisse</strong></span> <span class='ocrx_word' id='word_1_447' title='bbox 1264 4198 1267 4202; x_wconf 89' lang='lat'>·</span> 
     </span>
     <span class='ocr_line' id='line_1_49' title="bbox 69 4236 1246 4312; baseline -0.008 -11"><span class='ocrx_word' id='word_1_448' title='bbox 69 4245 186 4301; x_wconf 87' lang='lat' dir='ltr'><strong>constat</strong></span> <span class='ocrx_word' id='word_1_449' title='bbox 207 4243 253 4299; x_wconf 91' lang='lat' dir='ltr'><strong>hic</strong></span> <span class='ocrx_word' id='word_1_450' title='bbox 277 4243 429 4312; x_wconf 85' lang='lat' dir='ltr'><strong>significari</strong></span> <span class='ocrx_word' id='word_1_451' title='bbox 452 4242 543 4297; x_wconf 87' lang='lat' dir='ltr'><strong>credo.</strong></span> <span class='ocrx_word' id='word_1_452' title='bbox 582 4241 685 4296; x_wconf 84' lang='lat' dir='ltr'><strong>Contra</strong></span> <span class='ocrx_word' id='word_1_453' title='bbox 704 4259 724 4298; x_wconf 89' lang='grc'><strong>1,</strong></span> <span class='ocrx_word' id='word_1_454' title='bbox 745 4242 912 4308; x_wconf 85' lang='grc' dir='ltr'>Ἀντιφάνης</span> <span class='ocrx_word' id='word_1_455' title='bbox 930 4238 997 4308; x_wconf 89' lang='lat' dir='ltr'><strong>quin</strong></span> <span class='ocrx_word' id='word_1_456' title='bbox 1016 4237 1049 4292; x_wconf 92' lang='lat' dir='ltr'><strong>D.</strong></span> <span class='ocrx_word' id='word_1_457' title='bbox 1070 4236 1246 4292; x_wconf 83' lang='lat' dir='ltr'><strong>Halicarnas-</strong></span> 
     </span>
     <span class='ocr_line' id='line_1_50' title="bbox 68 4312 780 4386; baseline -0.006 -14"><span class='ocrx_word' id='word_1_458' title='bbox 68 4315 369 4386; x_wconf 82' lang='lat' dir='ltr'><strong>scnaiatastimoninm</strong></span> <span class='ocrx_word' id='word_1_459' title='bbox 389 4314 546 4384; x_wconf 83' lang='lat' dir='ltr'><strong>proferatur</strong></span> <span class='ocrx_word' id='word_1_460' title='bbox 564 4312 656 4368; x_wconf 88' lang='lat' dir='ltr'><strong>nullus</strong></span> <span class='ocrx_word' id='word_1_461' title='bbox 675 4312 780 4368; x_wconf 90' lang='lat' dir='ltr'><strong>dubito.</strong></span> 
     </span>
    </p>
   </div>
   <div class='ocr_carea' id='block_1_4' title="bbox 0 0 1444 4726">
    <p class='ocr_par' dir='ltr' id='par_1_6' title="bbox 0 0 1444 4726">
     <span class='ocr_line' id='line_1_51' title="bbox 0 0 1444 4726; baseline 0 2"><span class='ocrx_word' id='word_1_462' title='bbox 0 0 1444 4726; x_wconf 95' lang='lat' dir='ltr'><strong> </strong></span> 
     </span>
    </p>
   </div>
  </div>
 </body>
</html>
