2878 4726
65 135 68 142 .
192 104 242 172 36.
379 174 384 184 .
449 173 496 177 ,,
704 107 863 178 βίλννόι
918 129 1126 180 ῑ.-·’...’

179 330 182 338 ,
281 292 304 332 s.
323 270 569 349 Πτολεμαῖοι
586 322 592 335 .
608 318 614 331 .
628 269 856 349 γραμματικόε,
881 270 900 334 6
923 275 981 336 τοῦ
1000 271 1243 353 Ἡφαιετίωνοε,
1267 295 1369 350 γεγο-

193 357 257 421 νὼε
277 357 329 420 ἐπί
348 378 384 422 τε
402 358 564 436 Τραϊανοῦ
582 359 634 422 καὶ
652 357 820 437 Ἀδριανοῦ
839 363 905 424 τῶν
925 359 1180 440 αὐτοκρατόρων.

282 470 304 511 s.
324 444 565 525 Ἀρχιγένηε.
580 447 654 511 ,ἐπὶ
673 447 834 525 Τραϊανοῦ
854 448 1056 528 ίατρέύεαε
1076 451 1118 514 ἐν
1137 450 1266 534 Ῥώμῃ.

281 558 304 600 s.
323 535 487 616 Ῥοῦφοε
511 535 695 615 Ἐφέτιοε,
723 536 851 615 ίατρόε.
867 539 1034 614 ,γεγονὼε
1057 539 1110 603 ἐπὶ
1128 540 1291 618 Τραϊανοῦ
1311 542 1372 604 εὺν

193 623 325 703 Κρίτωνι
345 626 418 711 (vid.
438 629 624 689 Rohdiuml.
643 631 662 690 l.
684 632 794 706 180,n
797 622 868 707 .4).

279 713 544 793 scopator..
560 713 767 796 Ἐφέτιοε,’
760 715 888 794 ιατρόε.
902 699 1370 800 ,καὶὲνῬιόμῃδἼατρεύ-

193 823 248 867 cuc
266 803 319 867 ἐπί
338 803 499 882 Τραϊανοῦ
518 804 569 867 καὶ
583 802 750 883 Ἀδριανοῦ
769 808 835 870 τῶν
855 806 1018 885 βαειλέων,
1038 805 1140 885 βιβλία
1158 826 1192 870 τε
1211 807 1372 874 ευντάξαε

192 895 324 957 πλεῑετα
342 894 393 956 καὶ
410 892 569 958 κόλλιετα.

282 1005 305 1049 s.
317 983 545 1062 Μεεομήδηε
562 983 650 1063 Κρήε,
666 981 800 1063 λυρικόε,
815 984 960 1059 γεγονότε
977 984 1029 1047 ἐπὶ
1039 987 1105 1048 τῶν
1116 982 1283 1063 Ἀδριανοῦ
1293 985 1372 1064 χρό-

192 1092 267 1150 νων,
275 1069 491 1149 ἀπελεύθεροι
501 1071 601 1135 αὐτοῦ
611 1073 662 1136 καὶ
671 1073 782 1137 ἐντοϊε
793 1072 923 1150 μάλιετα
934 1072 1030 1152 φίλοε
1040 1070 1102 1159 (vel
1110 1079 1219 1138 reetius
1232 1071 1369 1159 φίλοιε).

281 1185 304 1225 s.
325 1160 528 1240 Κεφαλίων
547 1163 565 1240 ἢ
586 1161 818 1240 Κεφάλων..
834 1161 939 1240 ῥήτωρ
958 1163 1009 1226 καί
1028 1161 1195 1242 ἱετορικόε,
1218 1165 1370 1242 γεγονὼε

191 1248 246 1314 ἐπ’
265 1248 442 1327 Ἀδριανοῦ.

282 1363 304 1404 s.
324 1339 512 1419 Ζηνόβιοε
531 1341 724 1420 εοφιττήτ,
744 1340 951 1404 παιδεύεαε
970 1341 1010 1405 ἐν
1028 1340 1146 1425 Ῥώμῃ
1165 1339 1220 1405 ἐπ’
1240 1338 1368 1420 Ἀδρια-

192 1432 250 1493 νοῦ
271 1427 432 1507 Καίεαροε.
1201 1510 1209 1520 ⁸

281 1518 537 1583 ιΛολλιανὸε
556 1516 640 1598 Ἐφ
648 1538 739 1598 croc,
760 1521 931 1598 τοφιετήε.
946 1519 1112 1597 γεγονὼς
1126 1517 1180 1584 ἐπ’
1194 1517 1368 1600 Ἀδριανοῦ
1415 1556 1417 1560 -

191 1611 249 1672 τοῦ
269 1606 430 1685 Καίεαροε.

281 1719 303 1761 s.
326 1698 482 1761 Παῦλοε
510 1696 660 1780 ldproc,
689 1697 808 1778 ῥήτωρ,
836 1698 981 1775 γεγονὼε
1009 1707 1095 1766 κατὰ
1128 1712 1269 1768 Φίλωνα
1301 1710 1368 1769 τὸν

191 1797 359 1870 Βόβλιον,
387 1792 423 1865 ὃς
449 1789 502 1853 ἐπ’
526 1793 703 1872 Ἀδριανοῦ
735 1801 796 1855 τοῦ
820 1797 986 1869 βασιλέως
1011 1797 1220 1872 πρεσβεύσας
1242 1797 1368 1874 μητρό-

192 1891 293 1945 πολιν
312 1885 375 1958 τὴν
395 1883 504 1958 Τύρον
523 1882 691 1958 ἐποίησεν
775 1927 778 1934 »

280 1988 303 2028 s.
327 1965 609 2042 Διογενειανότ
634 1963 856 2044 Ἡρακλεία(
885 1969 941 2045 τῆε
968 1964 1112 2045 Πόντου,
1140 1966 1367 2046 γραμματικόε,

190 2054 335 2132 γεγονὼε
354 2051 409 2117 ἐπ’
428 2051 594 2132 Ἀδριανοῦ
612 2057 671 2118 τοῦ
691 2055 850 2133 βαειλὲωε.

280 2167 303 2208 s.
321 2142 600 2218 Διογενειανόε
618 2141 842 2220 Ἡρακλεία(
861 2142 1007 2222 ἑτέραε,
1026 2143 1065 2208 οῦ
1079 2148 1136 2223 τῆ(
1149 2143 1291 2223 Πόντου,
1311 2165 1366 2221 γε-

189 2233 296 2309 γονὼε
324 2232 375 2294 καί
400 2231 497 2295 αὐτὸ(
523 2230 578 2295 ἐπ’
601 2230 769 2310 Ἀδριανοῦ
795 2237 853 2295 τοῦ
880 2234 1040 2312 βαειλέωε.
1087 2236 1228 2297 Ceterum
1256 2237 1368 2298 Suidas

189 2345 346 2403 perperam
364 2345 413 2384 res
432 2326 520 2384 unius
540 2325 719 2402 Diogeniani
736 2326 768 2384 in
787 2326 861 2384 duas
880 2327 997 2402 glossas
1017 2327 1172 2402 dissecuit,
1198 2327 1266 2387 vide
1287 2327 1367 2386 Roh-

190 2417 272 2474 dium
290 2415 311 2476 l.
325 2416 345 2476 l.
362 2417 435 2488 180,
453 2435 481 2475 n.
498 2417 527 2492 3,
545 2414 703 2474 Flachium
722 2414 804 2474 Suid.
823 2421 854 2474 at
872 2415 983 2474 Eudoc.
1001 2435 1030 2490 p.
1047 2418 1098 2495 66,
1116 2435 1145 2474 n.
1163 2419 1179 2475 1
1201 2411 1252 2498 (of.
1272 2417 1368 2476 etiam

190 2505 266 2565 Mus.
285 2504 341 2562 Rh.
359 2522 388 2562 n.
407 2503 527 2578 XXXV,
549 2496 614 2585 62).
1437 2563 1438 2574 1

276 2613 300 2653 s.
328 2589 540 2653 Διονόειοτ
573 2588 899 2668 Ἁλικαρναεεεύε,
939 2589 1085 2666 γεγονὼε
1117 2587 1171 2654 ἐπ’
1195 2587 1367 2668 Ἀδριανοῦ
1437 2595 1438 2604 ’

191 2679 356 2761 Καίταροε,
375 2679 523 2757 εοφιετὴε
542 2678 593 2742 καὶ
612 2679 757 2756 μαντικὸε
775 2678 907 2757 κληθείε.

279 2791 301 2832 s.
322 2767 496 2845 Νικάνωρ
512 2818 518 2831 .
534 2818 540 2830 .
555 2767 777 2846 γραμματικόε,
796 2769 941 2844 γεγονὼε
960 2766 1014 2832 ἐπ’
1029 2766 1198 2846 Ἀδριανοῦ
1216 2771 1275 2831 τοῦ
1292 2768 1367 2832 Καί-

190 2876 298 2936 ταροτ,
318 2854 381 2920 ὅτε
401 2857 461 2919 καί
479 2856 685 2934 Ἕρμιππος
705 2855 724 2919 6
744 2857 934 2934 Βηρύτιοι.
1263 2905 1265 2914 2
1436 2927 1437 2944 ¹

279 2969 302 3011 s.
329 2945 492 3010 Πωλίων
523 2943 796 3023 Ἀλεξανδρεότ
816 2995 822 3008 .
844 2996 850 3008 .
870 2945 1050 3024 φιλότοφοε
1078 2946 1281 3022 ..γεγονὼτ
1309 2943 1369 3008 ἐπ’
1436 2949 1437 2953 ’

190 3034 357 3113 Ἀδριανοῦ
377 3031 523 3119 (ceterum
543 3039 579 3099 of.
598 3057 676 3098 nuno
695 3038 732 3096 H.
753 3039 896 3098 Peterum
914 3039 950 3098 de
970 3039 1061 3098 variis
1082 3038 1216 3099 eiusdem
1233 3039 1366 3097 nominis

190 3128 386 3205 scriptoribus
405 3128 604 3188 disserentem
622 3128 653 3186 in
674 3127 858 3186 Fleckeiseni
877 3127 985 3187 Annal.
1004 3128 1077 3203 phil.
1096 3132 1118 3188 t.
1138 3127 1216 3186 OXX
1238 3123 1369 3204 [1879]‚

189 3221 254 3278 420
269 3238 322 3294 sq.,
342 3217 378 3276 de
397 3218 481 3277 cuius
500 3217 619 3293 placitis
638 3235 707 3276 mor
725 3217 798 3276 alibi
815 3217 959 3276 iudicium
978 3211 1107 3294 faciam).
1435 3215 1436 3257 ί

278 3326 300 3367 s.
320 3302 368 3365 Ar
376 3301 537 3380 όδωροτ
541 3301 559 3365 ό
573 3301 793 3380 Οὐαλέριοτ
808 3301 994 3380 ἐπικληθείε,
1013 3301 1202 3380 φιλόεοφοε,
1216 3301 1367 3378 γεγονὼς

188 3393 241 3456 ἐπι
259 3395 318 3456 τοῦ
339 3391 491 3497 Καίεαροτ
510 3388 685 3469 Ἀδριανοῦ.
1434 3391 1435 3462 ξ

277 3485 359 3544 Haec
378 3485 477 3544 omnia
496 3484 668 3543 testimonia
687 3484 739 3559 qui
757 3483 898 3543 adcurate
921 3441 1155 3544 consideraverit
1178 3483 1365 3560 singularem

189 3594 293 3635 eorum
311 3577 451 3633 natu1am
469 3574 556 3634 facile
575 3573 740 3650 intelleget.
778 3573 821 3632 Ac
839 3587 911 3648 prae
931 3574 1037 3633 ceteris
1057 3574 1172 3632 enitent
1192 3573 1366 3632 notationes
1433 3643 1434 3648 η

162 3680 164 3686 ’
189 3665 303 3741 optima
321 3664 501 3723 auctoritate
518 3663 685 3738 praeditae,
709 3681 785 3738 quae
804 3665 875 3721 sunt
894 3662 929 3721 de
948 3663 1025 3722 vita
1044 3681 1231 3721 servorum
1249 3662 1365 3720 liber·
1433 3651 1434 3686 ³

188 3758 353 3813 torumve
373 3752 424 3828 qui
443 3751 553 3812 litteris
572 3751 737 3811 inclaruere
756 3743 794 3831 (e.
814 3745 1054 3825 Ἐπαφρόδιτοε,
1075 3745 1253 3824 Θεόδωροε,
1275 3747 1364 3810 Κεκί-

189 3841 265 3916 λιοτ,
285 3838 481 3917 Μεεομήδηε,
501 3836 685 3915 Τιμαγένηε,
705 3835 915 3918 Τυραννίων).
947 3839 983 3898 In
996 3841 1116 3900 relicuis
1130 3859 1202 3900 vero
1217 3840 1364 3916 exemplis

188 3932 350 4008 diligenter
373 3933 526 3990 enotatum
549 3929 698 4001 videmus,
726 3949 785 4005 quo
809 3929 989 4004 imperatore
1013 3930 1076 3989 sive
1099 3927 1242 4004 quibus
1234 3947 1364 4004 rmpera-

186 4021 303 4080 toribus
318 4012 397 4101 (ets
400 4013 548 4093 Ἀπίων,
568 4011 773 4093 Ἀριετοκλῆε,
792 4011 955 4093 Ἀρχίβιοε,
974 4011 1192 4078 Ἀπολλώνιοε
1206 4012 1362 4093 Τυανεῦε,

187 4105 357 4169 Διονύειοε
371 4101 477 4182 Ἀλεξ,
496 4102 736 4183 Ἐπαφρόδιτοτ,
754 4102 967 4182 Ἡρακλείδηε,
989 4102 1135 4181 Κεκίλιοε,
1155 4064 1363 4180 Πτολεμαῖοί

187 4194 205 4258 ὁ
219 4192 459 4274 Ἡφαιετίωνοε,
473 4192 631 4272 (ωρανόε,
647 4193 699 4276 al.)
715 4196 827 4272 singuli
840 4196 1003 4271 floruerint,
1018 4197 1107 4272 quale
1123 4195 1257 4255 studium
1270 4195 1363 4271 idque

185 4289 297 4347 Romae
312 4287 501 4364 potissimum
516 4286 701 4346 exercuerint
716 4278 936 4366 (εοφιετεόεαε
949 4287 997 4346 vel
1017 4280 1188 4345 παιδεύεαε
1204 4279 1240 4344 ἐν
1254 4277 1363 4364 Ῥώμῃ
1429 4351 1430 4356 1
