2878 4726
308 77 350 131 De
369 75 471 132 Suidae
489 75 736 146 biographicoram
755 75 862 145 origine
881 77 911 130 et
928 76 990 130 Iida.
1132 97 1133 100 ¹
1193 75 1236 138 39

16 279 18 326 ,
63 239 192 322 παιδείᾳ
200 238 450 319 διαπρεψόιντων
463 237 602 304 δούλων’
613 246 667 304 aut
680 244 861 320 peculiarem
869 243 1026 322 Hermippi
1037 243 1235 319 scriptionem

16 367 18 432 5
62 332 122 391 Sed
146 333 229 392 aliud
252 322 369 394 accedit
389 335 468 410 quod
491 333 599 408 respici
620 333 723 393 debet:
751 333 781 392 in
805 333 917 394 scholio
940 334 1081 392 nimirum
1106 331 1237 392 Oribasii

62 414 185 502 (in'Mai
199 421 293 483 Class.
308 424 430 482 Auctor.
444 421 488 480 IV
504 414 602 503 (Rom.
620 416 719 499 1831)
734 442 761 498 p.
775 426 813 482 11
832 447 873 470 =
888 422 1074 498 Daremberg
1087 421 1143 498 ΙΙΙ,
1156 413 1235 501 687)

61 509 137 570 talia
160 512 317 588 leguntur:
346 507 364 571 ὁ
389 507 497 573 Φίλων
520 507 557 570 ἐν
580 511 626 590 τῶ
650 502 678 572 θ’
702 507 774 586 περὶ
799 508 996 587 βιβλιοθήκῃ(
1020 508 1157 586 κτήςεως
1185 508 1237 571 καὶ

62 595 225 674 Ἕρμηπος
252 593 284 682 (i.
304 621 328 662 e.
347 592 538 682 Ἕρμιππος)
564 597 600 660 ἐν
623 601 670 680 τῶ
697 591 722 660 ε’
749 597 822 675 περὶ
846 599 913 662 τῶν
938 594 1081 660 ἐνδόξων
1108 594 1236 674 ἀνδρῶν

64 684 184 764 ἰατρῶν
209 686 260 749 καὶ
286 684 305 749 ὁ
329 686 478 764 (ωρανός
503 686 540 750 ἐν
564 689 635 749 ταῖς
659 689 725 749 τῶν
748 685 866 763 ἰατρῶν
891 689 1056 763 διαδοχαῖς
1077 680 1126 769 (cf.
1146 689 1237 748 etiam

61 778 100 838 V.
111 779 241 839 Roseum
251 779 286 838 de
296 779 389 840 Arist.
399 779 466 838 libr.
482 778 543 840 ord.
558 782 589 838 et
603 782 680 840 auct.
692 800 720 855 p.
731 772 797 860 32).
816 777 985 838 Praeterire
995 780 1132 854 praestat
1145 778 1236 837 Bern-

61 869 172 946 hardyi
192 860 245 950 (ad
264 868 344 938 Suid.
365 887 387 928 s.
407 860 530 948 Φίλων)
550 868 719 944 opinionem
736 870 825 945 plane
843 867 1047 928 incredibilem
1070 868 1237 944 meritoque

61 978 80 1016 a
100 958 327 1018 Wachsmuthio
347 951 380 1036 (l.
399 952 434 1036 1.)
453 959 617 1033 explosam,
641 959 693 1034 qni
711 958 830 1034 quidem
850 960 880 1017 in
898 957 975 1019 libro
999 953 1072 1032 περὶ
1095 951 1237 1017 ἐνδόξων

62 1042 192 1122 ἀνδρῶν
220 1042 338 1121 ἰατρῶν
364 1041 501 1124 magistri
526 1047 656 1123 vestigia
679 1047 809 1107 calcasse
837 1046 1035 1123 Hermippum
1060 1046 1237 1122 suspicatur.

62 1138 178 1196 Verum
206 1136 412 1220 dubito'num
445 1155 518 1195 sana
545 1136 598 1195 illa
625 1135 779 1212 inscriptio
808 1136 860 1195 sit:
893 1155 999 1196 censeo
1027 1135 1106 1194 enim
1133 1154 1237 1196 vocem

61 1222 183 1300 ἰατρῶν
198 1228 303 1301 utpote
319 1225 466 1284 emblema
479 1243 545 1284 esse
564 1225 729 1301 delendam,
748 1225 827 1284 unde
846 1225 953 1285 evadet
966 1225 1073 1284 titulus
1088 1225 1237 1301 generalis

60 1311 134 1389 περὶ
153 1309 295 1375 ἐνδόξων
314 1308 451 1392 ἀνδρῶν,
470 1314 553 1374 ouius
572 1315 721 1390 particula
739 1311 812 1388 περὶ
831 1309 949 1388 ἰατρῶν
968 1313 1107 1390 quintum
1125 1315 1238 1373 librum

62 1404 194 1464 effecisse
208 1403 336 1464 videtur.
370 1401 452 1472 Quae
467 1422 534 1462 cum
547 1404 591 1462 ita
610 1403 678 1478 sint,
698 1404 817 1463 credere
835 1420 890 1479 par
910 1406 957 1464 est
975 1405 1030 1476 hoc
1049 1403 1149 1480 ipsum
1163 1423 1237 1480 opus

16 1483 17 1566 J
60 1495 141 1553 idem
159 1493 253 1553 fuisse
268 1493 347 1569 quod
361 1491 563 1568 Etymologici
577 1494 681 1553 auctor
695 1492 838 1552 laudavit.
871 1492 916 1552 Ac
935 1492 1001 1569 quis
1020 1494 1058 1552 ab
1072 1492 1237 1569 Hermippo

16 1599 17 1608 ¹
61 1602 150 1660 quem
170 1582 277 1642 Suida‘s
297 1575 347 1660 (cf.
363 1601 385 1642 s.
399 1571 590 1662 Ἕρμιππος)
610 1576 735 1656 ςφόδρα
755 1577 866 1654 λόγιον
885 1581 977 1641 fuisse
996 1583 1152 1658 multaque
1172 1601 1238 1643 con-

61 1672 198 1748 posuisse
221 1674 352 1732 testatur
376 1670 521 1730 eiusmodi
544 1671 734 1747 scriptionem
757 1671 923 1748 profectam
947 1690 1012 1731 esse
1037 1670 1238 1730 infitiabitur?

16 1755 17 1814 i
61 1762 121 1820 Sed
140 1761 282 1838 quoniam
300 1761 373 1820 haec
393 1761 493 1819 omnia
511 1761 697 1821 coniecturae
717 1763 834 1820 tantum
853 1760 1066 1836 probabilitate
1087 1759 1237 1834 evicimus,

16 1873 17 1898 2
61 1851 130 1910 inde
149 1849 268 1926 longius
288 1850 373 1909 evehi
391 1868 453 1908 non
471 1849 575 1908 ausim.

150 1941 311 1998 Praeterea
334 1942 436 1998 autem
460 1939 511 1998 alii
535 1939 667 1999 eiusdem
691 1940 740 2000 vel
764 1939 910 2016 sequioris
938 1940 1047 1999 aetatis
1076 1939 1237 2016 scriptores

61 2030 253 2106 reperiuntur
271 2029 303 2087 in
321 2029 426 2088 eodem
444 2047 553 2105 genere
575 2047 610 2088 ac
629 2028 716 2088 Philo
735 2029 861 2105 versati,
887 2048 1015 2105 quorum
1034 2039 1124 2104 opera
1142 2028 1238 2105 Hesy-

61 2120 161 2178 chium
181 2119 295 2195 pariter
313 2117 351 2177 ad
369 2137 458 2176 usum
476 2117 624 2178 adlexisse
644 2117 822 2178 verisimile
849 2121 908 2192 est,
931 2118 962 2177 in
986 2118 1095 2194 quibus
1118 2121 1239 2194 praeter

60 2207 240 2283 Telephi
268 2207 414 2266 Hadriani
443 2207 575 2283 aequalis
604 2199 654 2286 (cf.
684 2205 811 2283 Capitol.
838 2207 908 2267 Ver.
936 2227 959 2266 c.
990 2209 1023 2284 2,
1051 2209 1082 2267 et
1111 2207 1139 2265 in
1165 2226 1239 2273 ,eum

59 2297 241 2356 Salmasium
259 2317 288 2372 p.
309 2288 387 2375 101)
413 2295 571 2371 βιβλιακῆς
595 2291 756 2369 ἐμπειρίας
782 2291 885 2372 βιβλία
905 2286 933 2368 γ’
959 2288 1009 2374 (ἐν
1033 2289 1082 2355 οἷς
1101 2290 1237 2357 διδόιςκει

59 2383 100 2446 τὰ
123 2383 260 2460 κτήςεως
285 2379 355 2445 ἄξια
380 2379 482 2460 βιβλία
502 2417 543 2426 -
564 2384 645 2444 Suid.
669 2402 691 2444 s.
711 2380 860 2460 Τήλεφος
880 2417 931 2462 —-,
955 2385 1064 2462 quibus
1083 2404 1120 2444 ex
1138 2386 1237 2446 verbis

59 2475 160 2552 operis
179 2477 390 2552 argumentum
408 2473 601 2533 reddentibus
624 2473 723 2533 nescio
747 2493 786 2532 an
810 2475 887 2555 ellici
912 2477 1003 2550 queat
1024 2475 1123 2551 ipsum
1143 2474 1239 2551 Hesy-

59 2564 160 2624 chium
166 2563 366 2624 illudnovisse
376 2582 429 2622 nec
439 2582 498 2622 non
508 2562 700 2636 consuluisse,
710 2563 748 2624 cf.
757 2563 906 2622 Rohdium
915 2563 991 2624 Mus.
1003 2563 1092 2622 Rhn.
1100 2563 1238 2639 XXXIII,

63 2656 125 2713 182
136 2656 196 2713 not.
208 2645 239 2734 1)
250 2653 663 2729 inscriptionePhiloneorum
673 2648 746 2726 περὶ
755 2649 893 2728 κτήςεως
903 2648 954 2712 καὶ
964 2649 1100 2728 ἐκλογῆς
1109 2648 1238 2728 βιβλίων

61 2742 216 2802 simillima
238 2773 273 2783 -
296 2741 549 2818 Demophilum
568 2760 805 2802 commemorasse
824 2741 898 2801 satis
917 2742 1022 2802 habeo.
1058 2741 1102 2800 De
1121 2743 1177 2801 hcc
1195 2743 1239 2800 ni-

59 2832 179 2904 mirum,
194 2850 282 2907 quem
297 2832 334 2891 ab
349 2829 467 2890 Iuliano
479 2831 572 2890 Marci
581 2830 727 2890 Antonini
741 2832 840 2890 aetate
855 2831 978 2890 consule
992 2821 1032 2911 (a
1045 2831 1108 2890 175
1119 2851 1148 2907 p.
1159 2830 1237 2906 Chr,

59 2921 118 2982 vid.
138 2919 304 2996 Bergkinm
323 2919 401 2980 Hist
421 2919 471 2980 Gr.
489 2920 547 2979 litt.
567 2919 591 2994 Ι,
614 2922 654 2980 27
659 2921 691 2993 6,
714 2938 743 2979 n.
764 2913 820 2998 24)
840 2920 999 2980 educatum
1017 2919 1111 2980 fuisse
1130 2918 1237 2980 Suidas
1355 2972 1359 2983 .

16 3015 17 3018 ’
59 3011 148 3069 testis
169 3012 216 3069 est
235 3001 272 3088 (s.
291 3001 509 3088 Δαμόφιλος),
529 3009 608 3068 idem
628 3011 744 3068 narrat:
767 3003 895 3084 γράψας
915 3003 1104 3084 πάμπολλα,
1133 3003 1166 3069 ἐξ
1191 3002 1238 3068 ὧν

59 3093 161 3158 ταῦτά
176 3114 228 3172 μοι
243 3093 372 3171 εὕρηται
383 3094 436 3157 ἐπὶ
445 3099 515 3157 ταῖς
528 3097 594 3156 τῶν
611 3091 739 3172 βιβλίων
755 3095 875 3173 βήλοις·
891 3091 1078 3173 φιλόβιβλος
1092 3095 1111 3171 ἢ
1127 3089 1157 3176 (ἰ
1166 3098 1238 3158 libri

16 3247 17 3250 ,
58 3188 206 3265 praebent
224 3180 365 3267 πρῶτος)
385 3183 457 3260 περὶ
477 3181 672 3261 ἀξιοκτήτων
692 3181 820 3262 βιβλίων
835 3183 915 3262 πρὸς
930 3181 1068 3247 Λόλλιον
1084 3178 1237 3261 Μάξιμον,

16 3305 17 3344 t
58 3295 136 3353 qnae
154 3275 248 3336 verba
266 3275 417 3352 HesychIo
436 3275 494 3352 ipsi
513 3275 616 3335 deberi
636 3274 766 3351 Berghio
787 3268 860 3355 (1.1.
879 3297 907 3352 p.
928 3279 1001 3351 293,
1020 3296 1049 3338 n.
1064 3269 1121 3358 50)
1140 3277 1238 3336 credo.

16 3388 17 3402 ι
58 3367 197 3442 Adparet
220 3363 314 3441 igitur
337 3365 522 3441 Hesychium
545 3364 794 3423 bibliothecarum
817 3365 929 3426 forulos
958 3364 1146 3440 armariaque
1172 3384 1238 3441 per-

57 3454 238 3532 vestigasse,
257 3457 291 3514 ut
311 3453 482 3529 Damophili
496 3453 591 3513 libros
609 3453 838 3514 nancisceretur.
876 3453 934 3514 Sed
953 3453 1025 3530 quid
1044 3470 1153 3513 causae
1172 3457 1238 3514 erat

16 3581 17 3636 ,
58 3564 111 3603 cur
130 3544 204 3602 talia
220 3543 376 3601 nuntiaret
394 3542 583 3620 Hesychius?
621 3542 661 3601 Ni
680 3543 801 3619 egregie
817 3543 908 3603 fallor
926 3543 973 3602 his
992 3542 1105 3619 liquido
1123 3542 1176 3602 ille
1194 3541 1237 3602 in-

16 3645 17 3666 ¹
57 3635 139 3693 dIcat
163 3651 194 3692 se
217 3631 387 3708 Damophili
410 3633 521 3708 scripta
543 3632 644 3692 dedita
670 3650 761 3708 opera
779 3632 993 3708 conquisivisse
1012 3651 1047 3692 ac
1064 3649 1171 3692 revera
1192 3632 1239 3691 in·

56 3723 185 3784 venisse.
219 3721 299 3798 Ergo
315 3721 446 3781 dubitari
459 3721 563 3796 nequit
582 3720 654 3796 quin
672 3720 761 3780 huius
782 3717 971 3797 φιλόβιβλον
990 3722 1022 3779 ίιι
1040 3741 1129 3782 suum
1146 3740 1236 3781 usum

57 3811 239 3873 converterit
258 3810 435 3886 Hesychius.
470 3810 544 3870 Eius
568 3814 670 3870 tamen
692 3810 880 3870 auctoritatis
900 3811 1029 3887 vestigia
1046 3809 1113 3886 ipsa
1132 3829 1236 3870 eruere

56 3902 106 3961 rix
126 3900 293 3976 continget:
312 3899 451 3974 quocirca
469 3919 537 3958 eum
554 3919 633 3959 nunc
651 3899 814 3960 mittamus.

16 3979 17 3992 ί
149 3989 226 4048 Hinc
244 3989 282 4046 ad
300 3988 488 4048 Philonem
507 3979 722 4070 Byblium28)
741 3991 942 4066 revertamur,
965 3989 1050 4047 cuius
1069 3988 1105 4048 de
1130 3987 1237 4048 studiis

57 4078 196 4140 doctrina
215 4078 394 4138 auctoritate
412 4067 480 4136 iam‘
492 4077 581 4152 paulo
602 4077 777 4152 explicatius
796 4077 1010 4154 disputandum
1029 4081 1083 4138 est.

130 4195 166 4265 28)
190 4195 222 4248 Ιιι
245 4193 372 4249 Philonis
395 4194 489 4250 aetate
512 4193 673 4263 indaganda
694 4209 782 4261 nuper
806 4193 987 4248 elaborarunt
1010 4194 1038 4250 Β.
1059 4193 1144 4247 Niese
1169 4193 1197 4261 (l.
1217 4195 1235 4249 l.

55 4287 78 4340 p.
101 4274 138 4324 27
160 4267 226 4337 sq.),
245 4265 270 4322 J.
292 4263 498 4334 Wackernagel
517 4264 598 4333 (Mus.
618 4264 670 4320 Ith.
690 4283 716 4321 n.
737 4263 842 4336 XXXI,
861 4267 934 4336 439),
954 4263 1003 4336 qui
1022 4264 1135 4335 quidem
1152 4263 1235 4320 illum

16 4449 26 4680 t
