2878 4726
328 98 370 154 De
390 97 495 154 Suidae
511 99 760 171 biographicorum
779 99 887 171 origiue
906 104 936 157 et
954 101 1015 156 fide.
1220 103 1262 168 15

80 265 199 341 priores
212 282 284 326 raro
300 266 451 343 Hesychio
466 267 643 344 Dionysium
657 287 694 328 ex
707 269 957 328 bibliothecarum
971 270 1117 345 catalogis
1136 270 1261 329 haustos

80 355 257 434 praebuisse
281 355 361 414 idem
387 356 496 432 probat
519 357 590 416 ordo
615 358 821 433 alphabeticus
829 350 888 439 ¹2¹³)
912 376 965 417 seu
987 359 1105 433 integer
1124 362 1261 438 servatus

81 463 138 504 seu
166 444 427 522 redintegrandus.
473 445 518 504 Ac
546 447 676 523 primum
704 448 824 523 quidem
853 448 973 507 fabulae
997 467 1020 508 s.
1044 468 1073 508 v.
1098 443 1260 522 Χιωνίδης,

82 528 206 609 Κράτης
217 527 392 609 Ἀθηναῖος,
407 529 552 610 Εὔπολις,
566 531 717 611 Πλάτων,
728 533 867 610 Λεύκων,
884 532 1117 611 Κηφιςόδωροτ,
1133 532 1261 611 Φόρμος

81 627 275 683 enumeratae
289 625 461 684 litterarum
475 625 583 684 seriem
599 627 762 685 etiamnum
778 627 881 686 stricte
894 630 1007 702 tenent,
1028 628 1106 702 quod
1121 627 1181 685 iam
1195 645 1262 702 per·

81 733 207 788 spexere
234 731 302 772 oum
324 713 531 774 Volkmannus
555 707 598 796 (Ι,
618 718 659 776 34
679 709 738 796 sq.)
769 718 835 774 tum
863 715 990 776 maxime
1014 715 1260 775 Wachsmnthius

82 794 157 881 (1.1.
180 805 240 862 151
263 797 329 884 sq.).
366 803 526 863 Praeterea
549 805 640 864 iidem
665 806 799 865 ordinem
821 807 1015 865 obscuratum
1037 807 1125 864 illum
1151 805 1203 864 sed
1229 805 1261 863 in

81 892 236 968 integrum
260 911 314 952 sua
339 911 410 952 cura
428 895 605 952 restitutum
626 895 803 954 detexerunt
820 895 852 952 in
871 895 982 954 tabulis
1002 915 1025 954 s.
1043 915 1071 954 v.
1090 889 1259 968 Φρύνιχος,

84 976 233 1056 Καλλίας,
263 977 424 1056 (τράττις,
454 977 644 1058 Νικοχάρης,
671 981 835 1058 Νικοφῶν,
859 979 1050 1058 Φιλωνίδης,
1079 979 1260 1058 Φιλύλλιος,

84 1066 270 1145 (αννυρίων
299 1063 396 1152 (ouius
425 1073 462 1130 de
490 1073 600 1132 fabulis
628 1073 696 1132 vide
722 1091 798 1148 quae
830 1073 892 1131 dixi
915 1073 992 1132 Mus.
1011 1074 1066 1132 Rh.
1090 1093 1118 1132 n.
1139 1073 1259 1146 XXXV,

84 1163 126 1219 64
146 1153 218 1239 sq.),
241 1157 396 1221 Φιλίςκος.
437 1159 569 1230 Quarum
591 1162 623 1220 in
646 1181 772 1221 numero
792 1162 897 1221 titulos
916 1181 938 1222 s.
959 1182 986 1222 v.
1005 1157 1141 1221 Καλλίας
1160 1157 1182 1237 (.
1197 1207 1204 1220 .
1220 1155 1259 1220 οὗ

82 1245 229 1323 δράματα
245 1245 422 1322 ,Αἰγύπτιος
448 1281 487 1291 -
518 1255 651 1310 ceterum
677 1251 777 1311 nescio
805 1271 843 1310 an
870 1251 958 1310 huius
987 1251 1139 1326 inscriptio
1167 1250 1260 1309 fuerit

80 1339 182 1414 potius
208 1333 373 1410 Αἰγύπτιοι
397 1339 509 1398 eisdem
533 1340 712 1416 Antiphanis
738 1343 769 1400 et
788 1340 929 1400 Timoclis
948 1340 1073 1400 conlatis
1093 1372 1149 1414 —,
1171 1328 1258 1399 Ἀτα-

82 1423 191 1502 λάντη,
212 1424 401 1502 Κύκλωπες,
420 1428 573 1504 Πεδῆται,
594 1425 761 1504 Βάτραχοι,
777 1425 1018 1506 ΣχολάΖοντες)
1032 1434 1154 1506 praeter
1168 1449 1260 1488 unum
1340 1421 1341 1424 ’

82 1513 242 1591 Βάτραχοι
261 1513 342 1576 κατὰ
360 1518 518 1592 ςτοιχεῐον
538 1520 698 1594 procedere
713 1538 813 1579 omnes
828 1509 1036 1578 Volkmannus
1052 1512 1089 1600 (Ι,
1105 1511 1161 1600 35)
1174 1519 1260 1580 vidit.

81 1607 147 1666 lam
172 1607 198 1666 si
221 1611 434 1684 argumentum
458 1609 650 1685 perpenderis
675 1609 796 1669 fabulae
819 1605 962 1683 Πεδῆται
984 1639 1021 1649 -
1044 1627 1120 1684 quae
1145 1607 1259 1667 Galliae

82 1698 147 1756 sine
167 1697 257 1756 dubio
276 1697 454 1756 vindicanda
477 1702 535 1774 est,
563 1698 600 1759 of.
618 1698 746 1758 Meinelr.
765 1699 798 1758 F.
818 1698 850 1756 (ί.
871 1697 905 1757 G.
925 1697 951 1775 Ι,
971 1700 1035 1757 214
1055 1731 1096 1739 -
1116 1695 1258 1771 Πεδῆται

79 1773 103 1864 ἦ
126 1780 284 1860 Βάτραχοι
303 1805 478 1863 germanam
497 1787 591 1846 fuisse
609 1788 833 1864 insciptionem
851 1787 938 1846 facile
957 1787 1031 1845 mihi
1049 1787 1200 1846 concedes.

173 1874 290 1945 Quibus
315 1876 428 1935 tabulis
452 1877 625 1936 dubitanter
642 1877 719 1938 addo
739 1877 830 1936 etiam
848 1877 1001 1953 catalogos
1021 1895 1043 1935 s.
1063 1873 1259 1950 Μεταγένης,

80 1961 232 2040 Διοκλῆς,
252 1959 509 2040 Ἀπολλοφάνης,
528 1960 678 2041 Ἀραρώς,
698 1963 894 2040 Φιλέταιρος,
914 1959 1084 2040 Ὠφελίων,
1102 1960 1258 2038 Ἡνίοχος,

80 2051 240 2129 (ώφιλος,
259 2049 423 2129 Τιμόθεος,
438 2051 686 2129 Ἀπολλόδωρος
701 2053 834 2130 Γελῶος,
853 2059 953 2114 tamen
972 2055 1004 2113 hi
1022 2073 1124 2114 omnes
1139 2054 1256 2114 uberio-

78 2164 143 2203 rem
155 2148 246 2221 atque
262 2144 483 2220 explicatiorem
497 2145 637 2221 flagitant
650 2145 880 2220 enarrationem,
894 2163 987 2221 quam,
997 2145 1028 2202 in
1043 2144 1125 2202 aliud
1139 2147 1257 2218 ternpus

79 2234 202 2294 differre
220 2236 364 2310 praestat.

563 2430 684 2523 Caput
710 2430 773 2542 ΠΙ.

78 2575 128 2645 De
159 2543 330 2666 epicorum
359 2577 544 2646 carminum
571 2576 700 2647 tabulis
729 2594 746 2645 e
775 2575 1057 2646 bibliothecarum
1090 2573 1257 2659 catalogis

606 2701 736 2792 petitis.

171 2861 235 2921 Iam
255 2881 322 2920 cum
336 2865 367 2921 et
381 2862 564 2938 tragicorum
580 2865 610 2920 et
624 2861 803 2922 comicorum
816 2860 964 2920 indicibus
979 2858 1154 2919 examinatis
1170 2857 1253 2918 Calli-

78 2951 180 3010 machi
198 2947 334 3011 πίνακας
353 2953 530 3027 omninoque
549 2952 798 3010 bibliothecarum
816 2951 969 3026 catalogos
987 2952 1131 3025 tanquam
1148 2949 1257 3024 prima-

78 3042 142 3100 rios
158 3041 293 3118 Dionysii
308 3040 581 3102 Halicamassensis
595 3041 694 3101 fontes
708 3040 997 3115 investigaverimus,
1017 3039 1055 3098 ad
1074 3038 1257 3113 epicorum

78 3133 239 3206 poetarum
253 3130 373 3190 tabulas
388 3134 468 3190 recte
488 3131 689 3191 aestimandas
704 3149 738 3190 ac
751 3129 970 3207 pernoscendae
983 3129 1033 3189 via
1046 3128 1164 3203 planior
1177 3127 1259 3186 facta

79 3221 131 3279 est
150 3223 180 3279 et
199 3219 373 3296 expeditior.

158 3373 211 3444 ¹²¹³)
231 3373 298 3429 Noli
319 3375 416 3428 tamen
440 3374 495 3428 huc
518 3373 622 3428 referre
644 3371 765 3428 indicem
785 3391 805 3426 s.
826 3371 1069 3439 Ἀριςτοφάνης
1091 3369 1257 3426 exhibitum.

81 3445 239 3500 Substituit
256 3444 388 3499 nimirum
408 3445 508 3500 Suidas
528 3461 561 3497 ex
580 3443 678 3498 eodem
693 3443 889 3512 Aristophanis
905 3443 1112 3498 comoediarum
1130 3443 1257 3512 exemplo

79 3536 117 3572 ex
126 3535 181 3585 quo
192 3516 301 3570 scholia
311 3517 449 3586 excerpsit
462 3516 576 3570 nomina
586 3515 624 3566 XI
634 3516 793 3568 fabularum
809 3532 826 3568 a
839 3515 981 3584 plerisque
995 3515 1056 3567 tum
1066 3513 1257 3568 lectitatarum

79 3619 117 3628 -
132 3589 167 3644 οί,
182 3590 253 3657 άπερ
269 3590 300 3642 δὲ
313 3590 535 3656 πεπράχαμεν
551 3588 589 3641 Ἀ.
604 3589 730 3654 δράματα
746 3629 751 3639 .
768 3629 782 3654 .,
802 3587 831 3639 et
849 3586 884 3638 de
902 3603 953 3638 usu
968 3585 1043 3639 vocis
1057 3585 1188 3652 πράττειν
1204 3588 1257 3639 οίο.

79 3661 138 3715 τίτί.
159 3659 189 3715 G.
210 3661 345 3730 Buenger.
365 3659 400 3713 de
419 3659 504 3713 Arist.
524 3657 593 3726 Equ.
613 3657 676 3727 Lys.
695 3662 747 3712 ete.
771 3675 815 3726 ap.
836 3655 912 3710 Suid.
932 3656 1031 3724 reliqu.
1050 3655 1123 3711 Diss.
1142 3659 1256 3724 Argent.

81 3737 163 3800 1878,
177 3750 203 3801 p.
220 3738 244 3798 9,
261 3737 294 3786 10
309 3763 341 3770 —
357 3732 492 3785 inlocum
508 3731 604 3800 pleni
621 3729 747 3782 indicis
767 3747 862 3798 quem
877 3727 1044 3798 Hesychii
1063 3727 1211 3796 epitome
1227 3727 1258 3780 ei

79 3804 275 3874 praebebat
285 3802 331 3872 (oi.
344 3801 540 3856 Wilamowitu.
548 3801 641 3854 Herm.
653 3819 679 3855 v.
689 3799 762 3868 XlV,
773 3806 826 3854 464
836 3818 886 3868 οη,
896 3800 925 3852 et
934 3799 990 3852 iam
1001 3799 1081 3852 Anal.
1090 3797 1184 3867 Eurip.
1198 3805 1257 3866 135,

79 3877 141 3929 not.
157 3875 192 3942 3).
224 3873 329 3928 Verum
344 3874 417 3928 hano
431 3873 543 3942 plenam
557 3870 684 3926 tabulam
698 3871 919 3939 aliunde-nuper
936 3867 1172 3939 recuperavimus:
1190 3886 1257 3922 nam

79 3947 125 4000 Fr.
147 3945 253 4000 Novati
271 3961 305 3999 ex
324 3945 384 3999 cod.
404 3943 531 3997 Ambros.
552 3943 582 3997 L.
602 3949 636 3996 39
656 3961 714 4013 sup.
734 3942 824 3996 edidit
842 3943 947 4009 (Herm.
967 3941 984 3995 l.
1000 3942 1018 3994 l.
1038 3946 1089 3995 461
1105 3943 1156 4010 sq.)
1176 3942 1257 3993 κατά-

80 4022 241 4081 horonaim
256 4017 472 4085 Ἀριςτοφάνοας
485 4016 660 4082 ποιημάτων,
679 4029 797 4082 quorum
810 4029 941 4067 numerus
956 4007 1030 4079 (po‘)
1044 4028 1107 4064 cum
1123 4009 1257 4065 Suidiano

79 4089 221 4158 (δράματα
245 4090 274 4141 δ’
293 4089 399 4141 αὐτοῦ
426 4083 493 4154 μδ’)
518 4087 588 4140 mire
611 4085 741 4139 concinit.
778 4083 944 4139 Rectissime
968 4083 1054 4153 igitur
1073 4113 1105 4122 -
1126 4081 1257 4137 convenit

80 4160 160 4214 enim
174 4160 258 4213 etiam
275 4160 371 4226 Ἀριςτ.
386 4159 467 4223 γένος
484 4159 514 4211 in
529 4156 655 4211 Ambros.
675 4159 834 4211 enarratum
853 4172 916 4209 cum
934 4154 1014 4209 brevi
1032 4152 1092 4208 vita
1107 4153 1207 4207 Suidae
1223 4185 1256 4194 —

79 4232 189 4285 Novati
202 4229 324 4285 coniecit
337 4233 366 4285 et
380 4231 482 4285 Suidae
495 4227 688 4284 testimonium
702 4230 732 4280 et
744 4227 866 4282 indicem
880 4225 1095 4281 Ambrosianum
1110 4241 1144 4279 ex
1157 4224 1256 4278 eodem

79 4301 201 4371 limpido
220 4301 310 4372 fonte,
329 4302 346 4356 i.
366 4317 391 4358 e.
409 4301 514 4370 πίναξι,
533 4315 719 4370 promanasse.
826 4349 829 4356 .
