2878 4726
199 110 241 174 34
665 55 671 72 ·
709 111 743 167 A.
762 111 856 166 nauh:

288 296 310 338 s.
339 273 511 338 Κεκίλιος
531 323 539 338 .
559 325 565 338 .
585 275 704 354 ῥήτωρ,
741 275 991 354 ςοφιςτεύςας
1018 273 1059 338 ἐν
1086 273 1204 357 Ῥώμῃ
1233 275 1286 338 ἐπὶ
1315 277 1380 337 τοῦ

200 363 357 443 (εβαςτοῦ
374 362 527 442 Καίςαρος
545 365 596 427 καὶ
616 363 687 428 ἕως
701 362 902 442 Ἀδριανοῦ
917 361 986 449 (hoc
999 367 1087 427 fidem
1103 369 1226 428 excedit.
1258 367 1380 428 Locum

201 476 261 516 ιιοιι
280 457 377 534 magis
396 457 546 534 integrum
565 477 655 534 quum
674 458 863 516 emendatum
884 477 949 518 esse
964 459 1007 517 ait
1021 457 1242 534 Bernhardyus.
1276 457 1380 528 Quare
1436 457 1437 532 ζ

199 547 300 606 nescio
319 566 357 606 an
373 543 467 606 verbu
486 547 527 606 sic
541 547 777 607 reconcinnunda
791 548 863 606 sint:
883 543 933 607 καὶ
953 541 1007 607 εἷς
1025 544 1101 606 τών
1120 543 1181 606 ἕως
1196 540 1378 621 Ἀδριανοῦ,
1436 583 1437 606 ι

201 636 237 697 cl.
256 654 279 697 s.
298 631 469 695 Διονύςιος
493 631 512 694 6
532 633 673 697 Γλαύκου
697 640 727 695 ού
750 657 773 697 s.
793 631 960 712 Ἀρχίβιος,
985 636 1022 697 cf.
1044 640 1202 712 praeterea
1223 636 1378 695 Rohdium
1436 677 1437 686 ι

198 723 275 784 Mus.
285 724 340 785 ΒΚ.
351 745 380 783 ιι.
391 723 529 803 XXXIII,
541 727 603 786 175
614 719 714 806 meu),
729 722 779 786 καὶ
790 720 855 786 ἀπό
866 722 1002 799 δούλων,
1017 720 1062 785 ώς
1073 741 1157 785 τινες
1168 721 1377 800 ἱςτορήκαςιν.

288 834 310 872 s.
329 808 521 887 Ποτάμων
540 808 831 889 Ἀλεξανδρεύς,
850 811 1044 890 φιλόςοφος,
1063 811 1209 887 γεγονώς
1227 811 1290 888 πρὸ
1313 809 1378 874 Αύ-

201 898 338 974 γούςτου
358 899 408 963 καὶ
428 897 508 978 μετ’
526 899 625 963 αὐτόν
641 899 733 982 (quae
747 905 839 964 verba
853 908 987 965 extrema
1000 905 1052 963 alii
1066 905 1155 964 alitur
1168 907 1378 980 conuenerunt,

198 992 257 1052 vid.
272 992 381 1052 Bernh.
392 993 429 1051 nd
440 992 520 1052 Suid.
532 996 563 1052 ού
574 993 723 1053 Rohdium
733 994 808 1053 Mus.
819 994 873 1052 Rh.
885 1015 913 1054 n.
922 992 1063 1070 ΧΧΧΙΙΙ,
1079 995 1149 1068 166,
1160 996 1221 1053 not.
1235 985 1266 1072 1)
1278 1013 1378 1069 nuper

199 1081 324 1141 coniecit
342 1075 424 1141 κατ’
442 1076 550 1142 αὐτόν.
592 1081 650 1142 Sed
673 1083 726 1142 illa
748 1103 807 1143 non
831 1087 894 1142 tam
917 1084 1029 1143 absona
1052 1086 1124 1142 suut
1150 1086 1185 1142 ut
1208 1084 1378 1142 mussatione

199 1171 365 1247 indigeant.
398 1170 478 1229 Nam
501 1171 529 1231 si
545 1171 690 1231 Potamon
710 1175 741 1231 et
759 1176 828 1232 ante
847 1172 1021 1248 Augustum
1041 1174 1159 1247 etpost
1179 1191 1246 1231 eum
1264 1172 1380 1248 floruit,

199 1261 278 1318 huno
304 1261 394 1319 etiam
418 1261 473 1319 sub
498 1259 631 1338 Augusti
653 1261 778 1337 imperio
802 1262 912 1322 vixisse
938 1281 992 1320 sun
1017 1263 1123 1336 spon6e
1152 1255 1375 1339 intellegitur);

199 1350 236 1408 of.
257 1368 279 1408 s.
299 1345 466 1424 Λεςβώναξ
482 1395 488 1408 .
503 1395 509 1408 .
525 1345 719 1424 φιλόςοφος,
743 1347 888 1422 γεγονώς
912 1345 968 1410 ἐπ’
986 1343 1169 1422 Αύγούςτου
1184 1342 1243 1431 (β),
1270 1348 1378 1423 πατὴρ
1437 1409 1438 1430 ,

202 1431 404 1510 Ποτάμωνος
422 1438 480 1498 τοῦ
495 1434 679 1514 φιλοςόφου
699 1436 772 1515 (qua
787 1440 822 1499 de
837 1441 939 1517 glossa
951 1440 1020 1499 vide
1035 1439 1156 1516 egregie
1170 1439 1378 1515 disputantem
1437 1431 1438 1514 ί

199 1528 349 1586 Rohdium
368 1527 396 1586 d.
415 1527 526 1604 grieuh.
546 1528 668 1588 Roman.
687 1549 714 1604 p.
735 1531 808 1602 342,
827 1520 914 1610 non).
1437 1527 1438 1532 ¹

288 1635 311 1675 u.
337 1611 525 1676 Νικόλαος
552 1612 817 1692 Δαμαςκηνός,
841 1614 1001 1692 γνώριμος
1019 1613 1165 1692 Ἡρώδου
1186 1662 1193 1678 .
1212 1664 1219 1677 .
1239 1615 1290 1677 καὶ
1313 1613 1376 1678 Αὐ-

202 1700 340 1777 γούςτου
361 1701 514 1780 Καίςαρος
534 1698 680 1786 (οούοιιιιιι
698 1709 734 1766 cf.
754 1705 831 1767 Mus.
850 1708 906 1766 Rh.
925 1728 953 1766 n.
971 1707 1091 1780 XXXV,
1112 1710 1153 1768 63
1173 1701 1240 1787 sq.).

290 1813 313 1854 s.
333 1790 541 1854 Διονύςίος
560 1790 578 1854 6
598 1793 850 1871 περιηγητής.
867 1795 1004 1869 ,γέγονε
1024 1790 1057 1855 δ’
1079 1793 1132 1856 ἐπὶ
1154 1796 1220 1857 τῶν
1240 1790 1377 1871 Ῥωμαϊ-

201 1882 267 1942 κών
291 1878 418 1956 χρόνων
442 1877 514 1957 μετ’
537 1879 720 1956 Αὔγουςτον
745 1881 895 1961 Καίςαρα,
918 1884 937 1960 ἢ
962 1879 1019 1945 ἐπ’
1042 1881 1155 1960 αὐτοῦ,
1182 1881 1212 1945 οἱ
1236 1882 1271 1944 δὲ
1296 1882 1380 1946 κατὰ

206 1968 341 2046 Νέρωνα
359 1968 417 2032 τὸν
435 1967 602 2047 Ῥωμαίων
622 1972 751 2050 βαςιλέα
770 1972 846 2050 φαςὶ
865 1972 1018 2047 γενέςθαι.
1121 1995 1125 2004 ’

291 2080 312 2120 s.
337 2056 514 2137 (τράβων
538 2056 730 2140 Ἀμαςεύς,
759 2059 954 2140 φιλόςοφος,
982 2061 1119 2136 γέγονεν
1147 2059 1200 2123 ἐπὶ
1228 2059 1378 2139 Τιβερίου

202 2145 363 2223 Καίςαρος.
455 2194 459 2200 -

291 2259 313 2298 s.
334 2235 535 2314 Θεόδωρος
556 2239 757 2322 Γαδαρεύς,
777 2241 934 2318 ςοφιςτής,
954 2237 1019 2302 ἀπὸ
1034 2238 1171 2316 δούλων,
1187 2235 1378 2301 διδάςκαλος

201 2324 345 2400 γεγονώς
360 2325 505 2404 Τιβερίου
523 2327 682 2405 Καίςαρος.
713 2328 773 2392 ἐπὶ
787 2333 854 2392 τοῦ
874 2329 913 2392 δὲ
935 2325 990 2411 (siu
1006 2333 1084 2391 enim
1099 2332 1313 2407 conrigundum
1330 2336 1380 2391 est

206 2437 260 2492 pro
280 2413 351 2477 ἐπεὶ
369 2416 414 2494 δέ,
433 2419 492 2478 vid.
511 2420 657 2480 Mus.Rh.
672 2422 726 2482 1.1.
743 2413 798 2503 66)
819 2416 981 2496 ςυνεκρίθη
1002 2418 1074 2495 περὶ
1093 2421 1271 2496 ςοφιςτικῆς
1290 2415 1379 2492 ἀγω·

201 2501 368 2580 νιςάμενος
391 2503 564 2582 Ποτάμωνι
593 2506 644 2568 καὶ
667 2503 863 2590 Ἀντιπάτρῳ
895 2507 935 2571 έν
965 2505 1057 2590 αὐτῇ
1085 2512 1128 2590 τῇ
1156 2505 1282 2588 Ῥώμῃ.
1320 2505 1381 2569 ἐπ’

203 2589 370 2669 Ἀδριανοῦ
390 2591 542 2671 Καίςαρος
562 2593 581 2656 δ
604 2593 672 2658 υἱός
697 2595 797 2660 αὐτοῦ
816 2595 985 2660 Ἀντώνιος
1009 2596 1212 2673 ςυγκλητικὸς
1235 2596 1380 2671 ἐγένετο.

290 2704 312 2743 s.
345 2680 536 2759 Ποτάμων
570 2684 888 2762 Μυτιληναῖος..
913 2684 1047 2764 ῥήτωρ.
1073 2735 1080 2748 .
1103 2684 1379 2763 έςοφίςτευςεν

202 2769 238 2832 έν
256 2769 374 2852 Ῥώμῃ
394 2770 446 2834 ἐπὶ
467 2771 619 2849 Καίςαρος
638 2773 784 2852 Τιβερίου
802 2797 828 2837 κ.
848 2795 872 2838 τ.
894 2776 920 2837 λ.

291 2881 313 2923 s.
333 2856 469 2924 Ἀπίων
485 2859 503 2923 6
517 2861 793 2926 Πλειςτονίκου
809 2913 815 2926 .
831 2913 837 2927 .
852 2863 1030 2941 Αἰγύπτιος,
1050 2864 1130 2927 κατὰ
1144 2861 1177 2925 δ’
1190 2862 1378 2927 Ἑλικώνιον

203 2948 296 3025 Κρής,
315 2948 541 3027 γραμματικός,
566 2953 706 3030 μαθητὴς
724 2949 944 3017 Ἀπολλωνίου
968 2957 1026 3017 τοῦ
1047 2950 1249 3032 Ἀρχιβίου..
1265 2951 1377 3015 ἐπαί·

202 3040 310 3100 δευςε
336 3035 369 3099 δ’
392 3038 444 3101 ἐπὶ
463 3038 609 3118 Τιβερίου
631 3040 782 3120 Καίςαρος
806 3042 857 3105 καὶ
877 3041 1034 3105 Κλαυδίου
1057 3041 1094 3105 έν
1112 3041 1238 3124 Ῥώμῃ.
1275 3041 1315 3120 ἢν
1339 3043 1378 3104 δὲ

202 3124 385 3204 διάδοχος
405 3127 561 3191 Θέωνος
585 3133 650 3193 τοῦ
674 3135 936 3209 γραμματικοῦ
961 3132 1021 3195 καὶ
1046 3131 1262 3210 ςύγχρονος
1281 3131 1378 3194 Διο-

139 3245 140 3248 *
202 3214 335 3279 νυςίου
354 3220 423 3279 τοῦ
441 3216 547 3280 Ἀλικ.

291 3328 314 3367 s.
334 3304 566 3369 (αλούςτιος
581 3355 587 3370 .
602 3356 609 3371 .
625 3306 745 3388 ἰατρός,
766 3309 818 3372 ἐπὶ
836 3307 982 3388 Τιβερίου
1003 3308 1165 3387 Καίςαρος.

291 3416 313 3456 s.
338 3394 558 3458 Πολύαινος
592 3397 817 3478 (αρδιανός,
855 3400 1017 3478 ςοιριςτής,
1055 3399 1201 3475 γεγονώς
1233 3398 1286 3460 ἐπὶ
1317 3403 1381 3462 τοῦ

201 3481 332 3559 πρώτου
370 3483 522 3560 Καίςαρος
563 3487 656 3550 Γαίου
693 3488 759 3567 (sed
794 3492 830 3551 cf.
861 3511 939 3552 nunc
973 3492 1121 3551 Rohdium
1152 3492 1228 3550 Mus.
1260 3491 1315 3550 nh.
1348 3512 1379 3552 n.

201 3573 341 3645 xxxlv,
364 3570 450 3657 620).
737 3650 738 3654 ¹

291 3684 313 3724 s.
334 3658 518 3739 Ἀντέρως
533 3662 552 3725 δ
566 3663 625 3726 καί
640 3661 909 3744 Ἀπολλώνιος,
929 3665 1151 3745 γραμματικός,
1166 3665 1380 3729 παιδεύςας

202 3748 243 3812 ἐν
267 3748 386 3832 Ῥώμῃ
411 3750 473 3813 ἐπὶ
499 3745 687 3816 Κλαυδίου
711 3758 780 3818 τοῦ
804 3756 897 3831 μετὰ
921 3754 1034 3820 Γάϊον
1060 3755 1379 3835 βαςιλεύςαντος,

202 3835 264 3916 ἐφ’
284 3835 404 3917 ούπερ
424 3840 484 3902 καὶ
507 3839 752 3921 Ἡρακλείδης
771 3843 790 3915 6
809 3845 1000 3908 Ποντικὸς
1019 3845 1198 3927 γέγονεν,
1222 3842 1380 3923 ἀκουςτὴς

202 3924 236 3988 δ’
253 3927 293 4005 ἦν
313 3924 496 3992 Ἀπίωνος
514 3933 573 3993 τοῦ
593 3929 757 4009 Μόχῦου.

291 4039 313 4079 s.
333 4016 583 4096 Ἡρακλείδης
606 4020 797 4085 Ποντικός
865 4022 1079 4101 γραμματικός
1098 4072 1105 4086 .
1125 4072 1132 4086 .
1153 4023 1206 4087 εἰς
1231 4021 1380 4101 Ῥώμην

202 4105 242 4168 δὲ
272 4104 425 4182 κομίςας
452 4107 585 4170 καὶτοῦ
609 4105 747 4188 Ἀπερος
771 4112 966 4190 καταφανεὶς
990 4109 1132 4198 (fortusse
1152 4113 1380 4190 κατεκφανείς

202 4198 264 4257 sive
283 4198 509 4274 κατεκφανής,
533 4201 569 4260 uf.
589 4220 611 4259 s.
631 4198 827 4278 Λούπερκος·
847 4251 853 4263 .
873 4251 879 4264 .
900 4250 907 4264 .
926 4205 1143 4278 κατευδοκιμεῖ
1160 4199 1381 4286 Ἡρωδιαναῦ)

202 4285 365 4361 κατέμεινε
384 4287 608 4364 ςχολαρχών
626 4287 667 4351 ἐν
686 4288 778 4372 αὐτῇ
798 4290 850 4353 ἐπὶ
871 4289 1027 4354 Κλαυδίου
1046 4291 1098 4353 καὶ
1118 4291 1277 4368 Νέρωνος.
