2878 4726
116 165 119 172 .
211 125 253 190 18
721 120 753 176 A.
773 118 868 176 Daub=

211 293 254 351 At
271 291 499 366 inscriptionem
517 289 690 348 Suidianam
710 290 747 348 eb
766 289 867 365 aliquo
885 288 1156 349 Alexandrinorum
1175 289 1387 364 grammatico-

210 401 277 439 rum
296 381 461 456 profectam
482 397 547 440 esse
563 377 749 438 crediderim.
775 377 924 437 Dubitant
939 377 1030 436 etiam
1045 378 1081 437 de
1100 379 1196 438 altera
1215 378 1387 454 scriptione,

211 473 311 529 utrum
333 463 475 544 Λαμιακά
492 487 598 529 revera
622 466 750 526 audierit
772 472 837 526 tum
860 467 899 526 ad
922 468 1088 544 sequiorem
1113 469 1192 527 certe
1212 466 1386 527 Choerilum

210 559 366 619 referenda
385 579 424 619 an
438 552 578 633 (αμιακά
597 552 808 633 conrigendum
827 557 867 616 sit
887 548 937 635 (cf.
951 556 1046 618 Naek.
1059 577 1089 632 p.
1107 548 1194 637 101),
1211 576 1301 633 quam
1320 557 1387 634 qui-

211 650 279 708 dem
299 649 476 708 sententiam
497 648 635 724 equidem
653 647 728 705 duco
747 646 988 720 probabiliorem.

300 738 413 797 Dehinc
432 737 642 814 progredimur
656 736 693 794 ad
707 735 889 795 uberrimam
903 736 1039 794 tabulam
1054 754 1076 795 s.
1092 729 1252 810 Ὀρφεύς
1268 729 1386 816 (Θρᾷξ)

212 827 383 906 exhibitam,
403 828 499 904 quade
518 824 750 902 prudentissime
764 825 931 884 Lobeelrius
946 817 1108 906 (Aglaoph.
1123 825 1146 900 Ι,
1162 825 1225 885 355
1237 819 1294 904 sq.)
1309 826 1388 884 iudi-

213 916 301 992 cavit,
320 936 388 976 cum
406 919 461 976 hac
479 918 546 993 ipsa
564 934 631 974 cum
649 913 746 973 indice
765 933 812 990 ap.
831 913 922 974 Clam.
942 914 1027 974 Alex.
1047 913 1156 974 Strom.
1174 914 1197 986 Ι,
1216 935 1245 990 p.
1262 916 1325 973 244
1343 946 1386 954 -

212 1000 311 1083 ‘quem
326 1025 342 1065 e
356 1006 459 1082 pinacc
469 1005 584 1080 antiqui
594 1003 748 1063 cuiusdam
759 1004 854 1063 critici
865 1004 1046 1080 excerpsisse
1055 997 1184 1064 videtur'
1196 995 1237 1082 (p.
1251 1005 1313 1064 353
1326 994 1386 1083 sq.)

215 1127 251 1136 -
265 1096 383 1155 conlata
397 1097 498 1156 decem
512 1095 616 1154 titulos
631 1093 711 1169 apud
726 1091 910 1152 Clementem
924 1088 1051 1153 omissos
1063 1087 1105 1151 ‘in
1119 1094 1388 1170 grammaticorum

213 1185 484 1244 Alexandrinorum
506 1178 709 1257 &corpoporis
729 1201 789 1242 non
810 1184 1027 1260 conprehensos
1048 1177 1153 1242 fuisse'
1176 1183 1292 1242 statuit.
1325 1183 1386 1242 Ita-

213 1294 270 1350 que
290 1274 399 1333 Suidae
418 1275 588 1350 catalogum
607 1272 735 1348 pristina
753 1271 809 1331 niti
828 1272 1008 1333 auctoritaie
1027 1264 1078 1352 (of.
1098 1273 1188 1330 etiam
1208 1272 1319 1348 Bergk.
1335 1271 1388 1331 Gr.

213 1363 285 1422 Litt.
306 1363 384 1422 Hist.
403 1362 427 1442 Ι,
447 1365 510 1423 396
532 1366 562 1422 et
579 1361 647 1420 adn.
667 1354 758 1440 237),
786 1363 838 1420 sed
861 1361 1077 1422 recentioribus
1101 1361 1314 1422 additamentis
1339 1363 1389 1420 de-

211 1453 375 1511 formatum
399 1471 463 1512 esse
487 1470 600 1512 censeo.
644 1450 729 1520 Quod
752 1470 789 1510 ne
808 1450 958 1527 Bergkius
982 1451 1102 1527 quidem
1125 1451 1262 1527 negavit,
1285 1453 1388 1510 tamen

213 1542 251 1601 ad
266 1541 482 1602 Callimachum
499 1541 627 1600 indicem
644 1558 784 1600 revocare
803 1540 962 1600 dubitavit.
994 1539 1053 1598 Sed
1066 1540 1165 1600 nescio
1179 1558 1219 1598 an
1231 1540 1388 1600 inmerito:

213 1632 322 1690 etenim
343 1632 375 1705 si,
396 1633 475 1707 quod
494 1631 558 1708 ipse
576 1630 698 1703 fatetur,
718 1628 832 1704 Orphei
845 1648 936 1705 opera
949 1629 981 1687 in
994 1629 1265 1689 Alexandrinorum
1279 1629 1389 1690 biblio-

212 1721 299 1780 theca
314 1721 486 1795 extiterunt,
504 1721 577 1779 haec
593 1717 769 1778 Callimachi
784 1719 862 1778 curis
882 1719 914 1777 in
928 1714 1061 1778 πίνακας
1076 1736 1141 1778 esse
1155 1720 1253 1777 relata
1266 1720 1389 1778 credere

211 1829 267 1885 par
285 1813 342 1868 est.
378 1809 441 1869 Neo
459 1809 590 1886 Bergkio
609 1809 762 1868 adsentior
781 1808 891 1868 dicenti
906 1807 1121 1867 Alexandrinos
1140 1809 1172 1866 in
1186 1808 1330 1885 Epigonis
1345 1839 1388 1850 -

212 1919 300 1974 quem
316 1901 386 1958 ante
402 1898 618 1959 Callimachum
632 1894 705 1972 περὶ
724 1899 779 1972 τῆς
798 1893 843 1957 εἰς
859 1891 981 1972 Ὀρφέα
1001 1891 1274 1975 [ἀναφερομένης]
1296 1895 1387 1973 ποιή-

213 1997 291 2047 ςειυς
319 1988 474 2063 scripsisse
499 2008 534 2048 ex
556 1986 886 2059 emmerammi,
909 2007 936 2062 p.
958 1989 1021 2046 244
1045 1989 1220 2062 conpertum
1243 1988 1389 2046 habemus

216 2109 252 2117 ·-
279 2077 314 2136 de
339 2076 451 2154 Orphei
479 2078 597 2154 scriptis
623 2076 731 2137 iudicio
760 2077 947 2152 adquievisse
976 2070 1018 2153 (p.
1043 2077 1106 2136 395
1131 2095 1188 2153 sq.;
1216 2078 1279 2136 not.
1300 2071 1389 2157 235),

215 2185 305 2242 quam
332 2166 500 2242 opinionem
526 2166 698 2242 conparatio
721 2165 865 2242 Epigenis
891 2165 1054 2242 fragmenti
1074 2158 1109 2246 (l.
1127 2157 1163 2247 l.)
1188 2185 1255 2225 cum
1279 2165 1389 2226 Suidae

215 2256 321 2314 tabula
339 2256 480 2316 instituta
499 2255 656 2315 confestim
673 2255 830 2332 infringet:

337 2363 517 2434 Epigenes.
974 2362 1104 2418 Suidas.

214 2453 385 2521 Ἐπιγένης
404 2455 434 2507 δὲ
453 2454 483 2506 ἐν
501 2459 560 2507 τοῖς
578 2456 639 2521 περί
696 2453 778 2508 ..εἰς
795 2453 891 2508 Ἅιδου
910 2451 1065 2518 κατάβαςιν.
1102 2456 1192 2506 ταῦτα
1212 2452 1389 2520 Ἡροδίκου

211 2529 262 2590 τῆς
298 2525 337 2578 είς
369 2525 474 2592 Ὀρφέα
504 2527 641 2593 ποιήςεως
695 2524 847 2594 [Προδίκου
862 2523 894 2578 Ο.
908 2523 1033 2580 Mueller.
1050 2523 1178 2578 Orchom.
1194 2529 1254 2591 118,
1270 2527 1299 2578 et
1314 2524 1390 2579 Wel-

214 2597 390 2662 Κὲρκωπος
431 2596 475 2663 (cf.
518 2597 638 2651 Lobeclr.
695 2596 773 2662 cker,
797 2595 1027 2665 Ep.Cycl.255]
1060 2600 1111 2650 τοῦ
1143 2596 1388 2662 Περινθίου..

212 2665 275 2736 Agl.
295 2668 315 2732 Ι,
333 2669 396 2736 354)
415 2669 485 2722 εἶναι
503 2673 563 2721 τοί)
582 2669 640 2721 Πυ-
696 2669 794 2735 Ἱεροὺς
806 2669 928 2732 λόγους.
945 2709 951 2722 .
967 2667 1095 2733 λέγονται
1109 2668 1139 2720 δ’
1153 2669 1223 2720 εἶναι
1238 2668 1390 2736 Θεογνή-

213 2738 360 2804 θαγορείου
392 2741 446 2806 τὴν
475 2739 517 2792 ἐἰς
543 2740 639 2792 Ἅιδου
693 2744 838 2793 τουτου
863 2740 1042 2807 Θεςςαλοῦ,
1068 2739 1095 2792 oi
1118 2739 1148 2792 δὲ
1168 2738 1315 2805 Κέρκωπας
1338 2744 1389 2794 τοι)

215 2809 420 2876 Κατάβαςινκαί
433 2811 484 2863 τὸν
501 2811 581 2877 Ἱερὸν
595 2812 640 2864 λδ·
693 2810 888 2878 Πυθαγορείου
908 2852 914 2864 .
934 2851 940 2862 .
959 2810 1073 2865 Πέπλου
1102 2811 1147 2863 καί
1175 2809 1311 2864 Δίκτυον·
1346 2814 1390 2885 καί

212 2897 272 2948 γον,
291 2882 342 2934 τὸν
362 2883 392 2935 δὲ
410 2883 523 2936 Πὲπλον
541 2884 586 2941 καί
604 2883 640 2936 τὰ
693 2886 783 2936 ταῦτα
806 2883 971 2949 Ζωπύρου
999 2887 1060 2936 τοῦ
1090 2882 1336 2951 Ἡρακλεώτου,
1366 2883 1390 2936 οἱ

212 2953 315 3005 Φυςικὰ
335 2952 485 3020 Βροντίνου
502 2995 507 3006 .
524 2995 529 3007 .
695 2955 725 3007 δέ
744 2952 895 3020 Βροντίνου
911 2997 917 3008 .
934 2995 939 3008 .
954 2953 1069 3020 Φυςικά,
1089 2953 1106 3006 ἃ
1126 2953 1283 3022 Βροντίνου,
1298 2955 1390 3022 φαςίν,

211 3057 298 3116 Unde
316 3059 466 3132 probabili
484 3059 653 3118 coniectura
676 3077 835 3134 possumus
860 3059 976 3129 efficere
995 3057 1213 3120 Alexandrinos
1239 3079 1390 3136 gramma-

211 3148 286 3207 ticos
302 3147 445 3223 Epigenis
461 3147 562 3207 studia
580 3147 767 3226 aliorumque
785 3149 914 3208 fortasse
932 3150 962 3207 in
982 3168 1070 3208 usum
1089 3167 1177 3208 suum
1192 3151 1386 3227 convertisse,

211 3236 293 3312 ipsos
307 3239 408 3296 tamen
422 3237 453 3295 in
467 3237 557 3296 fidem
570 3237 716 3297 librorum
731 3236 850 3313 Orpheo
866 3238 1084 3314 adscriptorum
1098 3238 1248 3315 inquirere
1267 3239 1391 3298 minime

213 3326 424 3401 supersedisse.

300 3415 365 3474 Iam
385 3415 460 3474 duae
480 3414 631 3490 epicorum
649 3417 770 3476 tabulae
789 3416 918 3475 relicuae
939 3419 1021 3495 sunt,
1040 3435 1114 3493 quas
1133 3417 1208 3476 item
1227 3436 1263 3476 ex
1281 3417 1391 3478 biblio·

213 3506 317 3564 thecae
330 3504 462 3564 ¹alicuius
481 3507 618 3582 catalogo
637 3505 758 3565 fluxisse
776 3506 839 3564 veri
859 3506 1044 3564 simillimum
1068 3510 1122 3567 est.
1160 3506 1208 3564 Sic
1236 3507 1352 3582 legitur
1371 3528 1393 3568 s.

213 3588 411 3668 Ἀρριανός
425 3589 580 3654 ἐποποιός
595 3640 602 3652 .
618 3639 624 3652 .
640 3589 835 3668 μετάφραςιν
849 3593 915 3654 τῶν
929 3596 1115 3669 γεωργικῶν
1130 3594 1188 3654 rori
1200 3592 1391 3669 Βεργιλλίου

213 3680 330 3742 ἐπικῶς
354 3681 498 3758 ποιήςας,
521 3672 766 3757 Ἀλεξανδριάδα
790 3674 868 3761 (ἔςτι
896 3680 932 3742 δὲ
961 3680 1000 3744 τὰ
1028 3681 1107 3744 κατὰ
1130 3679 1189 3743 τὸν
1213 3679 1391 3746 Μακεδόνα

213 3769 254 3832 ἐν
282 3767 497 3851 ραψιμδίαις
520 3763 605 3853 κδ’),
635 3767 679 3832 εἰς
694 3762 855 3832 ’Ἄτταλον
883 3769 941 3832 τὸν
968 3768 1183 3848 Περγαμηνόν
1213 3771 1390 3849 ποιήματος

212 3862 320 3937 quain
338 3862 442 3921 tabula
460 3863 542 3922 vides
562 3863 688 3921 eundem
706 3880 766 3921 non
782 3880 870 3936 posse
889 3862 946 3921 dici
961 3864 1113 3922 auctorem
1132 3866 1163 3922 et
1180 3864 1384 3939 metaphrasis

212 3951 340 4027 Vergilii
363 3951 524 4028 georgicon
548 3954 578 4010 et
601 3951 739 4010 carminis
763 3950 795 4009 in
812 3949 912 4010 Attali
930 3952 1073 4012 honoram
1092 3952 1251 4027 conpositi.
1289 3951 1389 4022 Quam

212 4044 382 4117 temporum
409 4039 624 4100 dissidentiam.
641 4039 807 4100 Meinekius
834 4032 936 4120 (Anal.
961 4041 1043 4102 Alex
1067 4032 1147 4121 371)
1172 4040 1217 4100 ita
1242 4041 1388 4103 facillime

214 4131 346 4210 sustulit,
364 4133 399 4189 ut
418 4130 491 4190 duos
511 4130 700 4206 cognomines
719 4129 828 4189 Suidae
847 4125 967 4190 inscitia
986 4131 1124 4190 confusos
1143 4149 1208 4190 esse
1229 4133 1389 4193 statueret.

217 4251 254 4261 —
276 4221 437 4281 Praeterea
459 4220 623 4279 indiculum
642 4239 664 4279 s.
685 4217 883 4280 Μουςαῖος
903 4213 1043 4293 Ἐφέςιος
1069 4222 1221 4280 servatum
1241 4239 1260 4279 a
1280 4217 1388 4286 πίναξι

213 4312 329 4386 repeto:
354 4306 510 4370 ἐποποιὸς
533 4309 599 4369 τῶν
623 4305 667 4369 εἰς
690 4305 765 4369 τοὺς
788 4305 1023 4384 Περγαμηνοὺς
1046 4306 1097 4369 καὶ
1121 4305 1218 4368 αὐτὸς
1242 4306 1388 4373 κύκλους.
