2878 4726
310 131 352 188 De
371 131 473 188 Suidse
492 119 737 204 biograpbirorum
756 129 864 202 origine
883 132 912 187 et
929 129 992 186 fida.
1193 131 1236 195 33

555 351 675 445 Caput
702 350 744 422 V.

345 497 391 565 lle
419 495 572 566 Philonis
600 496 714 585 Byblii
743 495 955 565 auctoritato.

154 654 317 730 Postquam
335 656 472 732 Dionysii
489 657 762 716 Halicarnassensis
781 659 925 732 tanquam
944 653 1080 730 primarii
1092 653 1238 730 Hesychii

58 761 93 799 m
115 743 184 802 vitis
204 748 391 819 poetarum
411 749 446 805 et
465 747 681 806 musicorum
700 745 783 805 ducis
799 746 1008 804 auctoritatem
1022 743 1171 818 fidemque
1190 762 1237 802 ex-

57 833 257 912 ploravimus,
275 853 353 894 nova
370 855 449 894 nunc
467 837 570 894 existit
588 855 681 912 eaque
700 834 886 894 subdifficilis
907 833 1055 910 quaestio,
1075 833 1181 908 quibus
1201 851 1237 890 ex

57 921 197 982 fontibus
222 923 390 1001 Hesychius
415 929 601 1007 oratorum
626 928 661 985 et
689 925 953 1000 sophistarum,
982 921 1237 998 grammatico-

57 1030 154 1084 rum,
182 1013 454 1091 historicorum,
490 1016 792 1091 philosophorum
820 1013 1001 1083 notationes,
1035 1012 1067 1069 in
1094 1011 1140 1069 his
1170 1029 1237 1069 oum

56 1101 192 1158 maxime
211 1103 392 1162 librorum
410 1105 559 1163 tabulas
577 1104 722 1163 hauserit.
764 1103 809 1162 Ac
826 1103 955 1178 primum
975 1099 1096 1176 quidem
1116 1118 1237 1158 eorum

57 1189 247 1249 hominum
270 1192 484 1252 inlustrium
507 1194 567 1268 qui
591 1193 672 1252 inde
692 1213 710 1250 a
733 1192 846 1267 primo
865 1211 891 1250 a.
911 1189 989 1249 Chr.
1014 1189 1162 1249 saeculo
1182 1209 1238 1248 ex-

5 1331 7 1366 ,
57 1281 172 1338 eunte
196 1299 310 1356 usque
334 1282 375 1339 ad
396 1282 574 1340 Hadriani
597 1285 754 1342 aetatem
777 1281 989 1339 floruerunt
1008 1280 1105 1339 vitas
1124 1282 1238 1353 tempo-

5 1397 7 1496 γ
55 1387 129 1424 rum
149 1372 221 1428 nota
240 1370 396 1429 distinctas
415 1371 560 1430 intentius
580 1371 767 1430 considerare
785 1370 817 1428 in
836 1370 934 1427 animo
954 1371 1009 1427 est.

152 1459 187 1517 In
210 1461 390 1520 recensendo
413 1461 729 1536 grammaticorum
757 1477 849 1534 grege
872 1457 1056 1533 Hesychium
1084 1457 1236 1514 luculento

5 1589 6 1658 p
58 1550 184 1606 auctore
195 1548 259 1608 sive
274 1549 445 1608 auctoribus
456 1549 602 1609 Hadriani
616 1550 724 1609 aetatis
739 1567 832 1608 usum¹
842 1566 906 1606 esse
920 1547 981 1604 iam
992 1544 1237 1604 Wachsmuthius

5 1663 6 1682 ι
59 1628 182 1714 (Symb.
199 1640 263 1696 144
278 1631 336 1719 sq.)
355 1639 503 1714 probabili
520 1639 748 1699 ratiocinatione
768 1637 878 1696 effecit:
897 1637 977 1695 inter
995 1653 1069 1712 quos
1087 1635 1238 1693 Philonem

5 1771 6 1826 ,
57 1725 205 1798 Βμθῑιλιαι
228 1747 299 1802 prae
324 1729 431 1787 ceteris
455 1729 568 1788 enitere
592 1729 755 1804 perspexit,
779 1728 878 1786 tamen
904 1725 1123 1784 adcuratiorem
1146 1724 1236 1782 huius

57 1814 253 1874 auctoritatis
272 1816 535 1894 investigationem
554 1818 621 1876 aliis
639 1817 808 1892 relinquere
832 1815 948 1874 maluit.
985 1814 1049 1873 Nec
1074 1830 1145 1872 vero
1168 1832 1237 1870 eun-

5 1909 7 1952 t
57 1903 129 1961 dem
149 1904 179 1962 id
194 1905 276 1981 fugit
290 1897 332 1986 (p.
350 1909 437 1986 145),
452 1906 690 1966 observationem
704 1907 789 1964 illam
802 1924 862 1965 non
881 1905 977 1964 solum
995 1904 1076 1961 intra
1090 1919 1237 1977 gramma-

5 1955 7 2060 Γ
57 1993 191 2051 tinorum
210 1994 284 2053 fines
304 1996 458 2071 ¹contineri,
478 1997 529 2054 sed
548 1997 643 2055 multo
656 1994 748 2054 latius
764 1998 876 2070 patere.
910 1992 994 2063 Quod
1010 1995 1043 2050 ut
1057 1991 1155 2067 palam
1176 1990 1237 2069 fiat,

5 2075 6 2104 ¹
56 2083 244 2156 grauissima
264 2102 399 2160 quaeque
418 2086 557 2161 exempla
568 2103 694 2160 quorum
710 2084 872 2143 communis
890 2083 953 2141 fere
971 2082 1086 2140 indoles
1106 2080 1237 2156 singula-

55 2191 123 2230 rem
154 2172 213 2230 sibi
236 2173 368 2232 vindicat
391 2176 544 2252 auctorem
566 2175 597 2232 in
623 2193 682 2233 uno
706 2174 866 2248 conspectu
890 2190 1005 2247 ponam.
1054 2169 1118 2239 Qua
1145 2169 1176 2227 in
1204 2187 1237 2226 re

57 2264 212 2335 quatenus
231 2262 334 2321 licebit
353 2281 461 2339 sequar
480 2264 614 2323 ordinem
633 2262 882 2337 chronologicum.

152 2369 175 2408 s.
200 2346 439 2426 Τιμαγένης.
459 2397 466 2411 .
486 2345 726 2426 Ἀλεξανδρεύς,
751 2346 856 2425 ῥήτωρ
877 2395 883 2408 .
904 2395 910 2408 .
930 2345 967 2408 ὃς
990 2344 1043 2407 ἐπὶ
1065 2344 1236 2423 Πομπηίου

55 2437 117 2497 τοῦ
139 2433 284 2512 μεγάλου
305 2435 506 2513 αἰχμάλωτος
526 2435 632 2513 ἀχθεὶς
652 2437 687 2500 ἐ
706 2435 811 2517 Ῥώμῃ
835 2434 899 2497 ὑπὸ
918 2437 975 2497 τοθ
997 2433 1140 2511 Γαβινίου
1160 2435 1236 2498 ἐξω-

56 2525 163 2601 νήθη.
181 2524 255 2587 ,καὶ
274 2525 543 2603 ἐςοφίςτευςεν
563 2526 603 2589 ἑν
621 2525 739 2608 Ρώμῃ
764 2522 861 2588 ἐπι
834 2545 851 2586 τ
881 2523 979 2587 αὐτοῦ
998 2522 1168 2601 Πομπηίου
1187 2523 1238 2585 καὶ

55 2610 130 2689 μετ’
154 2611 270 2691 αὐτόν,
299 2613 352 2676 ἐπί
378 2635 413 2677 τε
439 2614 590 2692 Καίςαρος
614 2618 671 2677 τοῦ
695 2612 878 2689 Αὐγούςτου
902 2613 953 2676 καὶ
977 2613 1144 2689 μετέπειτα
1174 2610 1237 2689 ἅμα

5 2669 7 2796 Γ
57 2701 241 2784 Κεκιλίιμ..
263 2697 346 2786 (ote
349 2702 552 2767 ,Πωλίωνὸ
572 2700 726 2786 Ἀςίνιοςλ

149 2815 171 2854 s.
199 2789 426 2869 Τυραννίων
449 2791 468 2854 ὁ
492 2791 712 2868 νεώτερος.
735 2791 904 2868 ,μαθητὴς
927 2752 1177 2868 Τυραννίωνος
1179 2793 1238 2853 τοῦ

56 2881 302 2959 πρεςβυτέρου.
319 2880 542 2959 ,αἰχμάλωτος
566 2882 601 2944 δὲ
625 2879 802 2958 γενόμενος
825 2879 876 2942 καὶ
900 2877 997 2941 αὐτὸς
1020 2878 1074 2942 ἐπὶ
1096 2883 1155 2942 τοῦ
1179 2899 1236 2941 πο-

56 2971 158 3046 λέμου
184 2967 361 3032 Ἀντωνίου
381 2971 431 3032 καὶ
457 2969 607 3048 Καίςαρος
627 2968 784 3047 ..ὠνήθη
805 3017 834 3030 ..
854 2968 1082 3045 ἐλευθερωθεὶς
1102 3016 1108 3029 .
1129 3015 1136 3029 .
1155 2969 1237 3030 ἐςο-

56 3057 273 3136 φίςτευςεν
297 3057 338 3120 ἐν
360 3057 478 3140 Ῥώμῃ
495 3107 501 3120 .
517 3108 539 3136 .,
564 3063 638 3122 conl.
658 3063 748 3121 etiam
769 3081 792 3120 s.
811 3055 998 3134 Τυραννίων
1022 3054 1193 3135 Ἀμιςηνός.

147 3170 172 3210 s.
199 3145 478 3223 Διοςκορίδης.
495 3145 633 3224 .,ἰατρός
658 3150 754 3224 ςυνῆν
779 3146 814 3208 δὲ
835 3144 1023 3226 Κλεοπάτρᾳ
1047 3143 1104 3208 ἐπ’
1123 3143 1237 3210 Ἀντω-

5 3265 6 3326 γ
57 3234 129 3298 νίου
150 3233 253 3320 (cis.
275 3232 402 3312 Κὰςτωρ
425 3233 602 3299 Ῥόδιοςοι
589 3243 643 3298 ts
662 3231 784 3314 Ἰόβας).

5 3329 6 3340 ’
145 3347 171 3388 s.
198 3322 405 3399 Διόδωρος
430 3322 703 3400 (ικελιώτηςῇ
698 3321 872 3400 ιςτορικός.
889 3320 1084 3397 .γε’γονεο’
1102 3323 1239 3386 ἐπὶτῶν

53 3412 187 3489 χρόνων
213 3410 400 3486 Αὐγούςτου
425 3411 576 3488 Καίςαρος
599 3411 650 3474 καλ
673 3410 792 3474 ἐπάνω.

145 3525 170 3565 s.
192 3500 305 3564 Θέων
320 3497 606 3578 Αλεξανορεύς,
621 3499 811 3578 φιλόςοφος,
825 3518 971 3575 γεγονως
985 3519 1027 3562 επ
1033 3496 1238 3575 Ἀὐγούςτου

5 3611 6 3616 ’
53 3589 122 3666 μετ’
141 3590 289 3668 Αρειον.

5 3623 7 3768 Γ
143 3679 209 3764 (Of.
231 3681 368 3740 etiams.
387 3676 522 3751 Φλέγων
541 3675 748 3755 Τραλλιανός,
768 3674 984 3760 ἀπελεύθερος
1003 3681 1062 3740 τοῦ
1082 3678 1239 3758 (εβαςτοῦ

55 3767 235 3846 Καίςαρος,
257 3762 340 3828 oib'
360 3762 526 3842 Ἀδριανοῦ
546 3784 654 3843 φαςιν,
674 3745 851 3846 ἱςτορικὸς.)

143 3881 168 3921 s.
196 3852 470 3917 Διονύςιος..
492 3853 837 3930 Ἁλικαρναςςεύς,
854 3851 960 3932 ῥήτωρ
993 3855 1045 3917 καὶ
1078 3855 1239 3920 παντοίως

5 3945 174 4028 λόγιος.
218 3943 376 4017 γέγονεδ
359 3939 462 4007 δ’ἐπλ
483 3939 634 4018 Καίςαρος
652 3945 710 4005 τοθ
730 3941 901 4021 (εβαςτοῦ,
926 3940 1088 4020 πρόγονος
1107 3949 1165 4008 τοθ
1185 3943 1241 4010 ἐπ’

5 4031 231 4114 Αδριανοῦ
253 4027 430 4105 γεγονότος
449 4027 644 4092 Ἀττικιςτοθ.

142 4147 168 4186 s
189 4115 430 4195 Ερμαγόρας
449 4116 621 4194 Τήμνου.
637 4118 861 4182 ,ἐπαίδευες
882 4116 915 4181 δ’
929 4117 1042 4183 οὗτος
1062 4122 1141 4199 μετὰ
1156 4124 1240 4186 Κεκι-

5 4259 6 4288 ,
54 4211 121 4276 λίου
147 4213 196 4275 ἐν
217 4205 339 4288 Ῥώμῃ
364 4204 416 4267 ἐπὶ
441 4203 591 4282 Καίςαρος
610 4205 793 4282 Αὐγούςτου
818 4208 869 4272 καὶ
891 4210 1026 4292 τελευτᾷ
1049 4210 1160 4290 πόρρω
1185 4217 1240 4290 τῆς

5 4365 6 4368 ,
52 4301 187 4378 ἡλικίας.
