2878 4726
292 113 334 168 ne
356 112 458 168 sumas
477 113 724 184 asograpmorum
745 113 852 186 origine
872 116 901 168 a
918 98 980 170 ise.
1180 117 1223 182 ab

57 285 184 359 stoxeno,
208 283 257 341 vel
280 283 372 342 etiam
395 282 431 342 fr.
452 284 515 342 128
535 301 571 341 ex
589 282 796 358 Theophrasto
819 301 1071 359 promanasse-
1093 287 1124 344 id
1142 291 1222 346 certe

57 373 158 430 falsum
177 373 236 444 cst,
259 373 338 447 quod
357 372 450 431 verba
468 372 617 431 Athenaei
635 372 671 445 X,
691 374 754 432 427
772 374 803 432 d:
828 370 913 445 λέγω
932 367 966 432 δ’
984 368 1056 434 οἷον
1075 371 1125 433 καὶ
1143 371 1221 436 Πίν-

17 476 18 542 l
57 461 146 535 bcpoc
169 456 323 535 πεποίηκε
343 479 367 521 κ.
382 477 408 520 τ.
424 460 451 521 λ.
472 458 625 521 evidenter
643 466 784 538 arguunt.
821 461 879 521 Sed
898 464 1016 523 omnino
1031 463 1224 540 Peripatetici

56 552 88 608 de
105 550 226 608 Pindari
244 551 408 609 carminum
426 551 597 611 recensione
615 571 721 627 parum
741 551 862 612 solliciti
881 552 974 610 fuisse
992 553 1140 615 videntur.

136 639 249 698 Verum
276 643 311 699 ut
337 641 375 700 ad
399 639 507 700 Suidae
532 642 669 701 tabulam
693 644 932 718 praevertemur,
960 643 1132 718 generalem
1157 643 1221 704 eius

56 729 223 788 divisionem
241 730 334 788 talem
353 748 419 789 esse
438 730 718 806 animadvertimus,
742 735 777 790 ut
798 731 894 806 primo
917 732 982 790 loco
1002 732 1133 790 carmina
1152 751 1222 791 enu-

55 820 201 877 merentur
222 851 259 860 -
281 819 313 876 iu
330 819 389 878 fine
408 819 485 878 enim
506 822 695 882 scribendum
708 821 830 881 videtur
848 815 1076 894 ἐπιγράμματα,
1097 815 1222 882 πάντα

16 975 17 988 ¹
55 903 149 987 ἐπικά,
168 927 235 967 oum
249 909 338 984 volgo
352 909 474 985 legatur
488 905 513 970 ἐ.
527 905 630 989 ἐπικά,
650 929 740 987 quam
754 928 856 970 vocem
870 910 1042 969 mendosam
1058 929 1123 970 esse
1137 911 1221 972 nullo

16 997 17 1066 l
55 998 112 1055 iure
131 997 279 1074 Bergkius
295 991 329 1078 (l.
344 999 363 1057 l.
379 1000 452 1076 367,
470 1003 532 1060 not.
547 994 582 1083 4)
602 1001 756 1061 contendit
772 999 804 1057 in
823 992 939 1058 “ἐπικοί’
958 1019 1100 1060 versuum
1118 1020 1221 1061 nume·

16 1101 17 1104 ’
55 1107 115 1146 rum
137 1087 259 1146 latitare
282 1087 436 1164 opinatum
464 1088 554 1151 immo
578 1094 624 1150 est
647 1083 796 1150 ‘versibus
820 1081 993 1164 conposita',
1021 1108 1079 1164 quo
1103 1089 1140 1148 de
1163 1109 1221 1150 usu

15 1208 17 1242 ι
55 1177 184 1236 vocabuli
207 1176 275 1236 vide
299 1196 323 1237 e.
345 1197 374 1254 g.
398 1177 600 1240 Nietaschium
622 1181 700 1240 Mus.
725 1179 781 1238 Rh.
800 1198 828 1236 n.
847 1176 942 1252 XXII,
964 1180 1039 1254 1973
1069 1178 1105 1238 cf.
1129 1180 1220 1238 etiam

15 1247 17 1336 l
56 1265 129 1325 Suid.
144 1285 166 1324 s.
183 1261 367 1340 Νίκανδρος,
388 1263 616 1345 Χριετόδωροε,
635 1268 721 1346 alibi3
740 1267 861 1343 respicit
875 1271 977 1325 autem
995 1267 1033 1326 ad
1048 1287 1149 1327 omnes
1169 1270 1221 1344 qui

55 1356 227 1414 antecedunt
249 1355 353 1416 titulos
378 1387 433 1430 —,
462 1360 589 1419 secundo
612 1359 690 1418 liber
713 1357 846 1434 pedestri
871 1375 1007 1416 sermone
1035 1357 1221 1436 conscriptus

56 1439 113 1523 (rut
130 1439 354 1519 καταλογάδην
372 1445 572 1519 παραινέεειε
590 1447 658 1508 τοῑι
671 1443 798 1521 (Ἐλληει
813 1443 864 1505 καὶ
882 1439 966 1505 ἄλλα
984 1444 1124 1520 πλεῑετα,
1143 1465 1220 1522 quae

55 1535 137 1593 verba
160 1538 294 1593 extrema
318 1535 398 1594 haud
422 1535 481 1596 scio
504 1560 543 1598 sn
567 1537 673 1597 Suidas
695 1538 761 1613 ipse
784 1554 838 1596 suo
856 1535 1006 1594 arbitratu
1024 1529 1219 1617 adposuerit).

14 1627 15 1698 l
56 1621 193 1690 Quoniam
216 1642 287 1682 veru
310 1624 410 1684 verbis
435 1625 538 1702 βιβλία
557 1619 597 1690 ιζ’
623 1627 686 1687 sine
710 1625 800 1685 dubio
824 1624 956 1684 carmina
978 1625 1136 1684 dumtaxat
1153 1644 1220 1685 con-

55 1712 279 1789 prehenduntur,
299 1712 407 1773 Suidae
428 1719 529 1777 autem
548 1737 601 1778 seu
619 1716 810 1776 librariorum
829 1713 965 1774 socordia
978 1714 1083 1773 titulos
1099 1711 1218 1788 Νεμεο-

55 1797 134 1860 νίκαε
157 1805 188 1862 et
207 1796 404 1880 ’ίιθμιονίκαε
423 1806 547 1869 omissos
567 1825 633 1866 esse
651 1805 799 1865 Kusterus
823 1803 988 1882 perspexit,
1012 1805 1152 1878 poemata
1174 1823 1219 1864 re-

54 1892 158 1952 censIta
176 1911 334 1952 numerum
352 1893 439 1952 illum
457 1915 517 1957 uno
537 1896 678 1956 excedere
696 1897 793 1971 patet:
821 1911 914 1969 quare
939 1892 1127 1952 scribendum
1153 1911 1220 1954 esse

54 1981 120 2039 duco
145 1977 255 2041 ικολιὰ
277 1979 297 2056 ἢ
320 1978 472 2060 ἐγκώμια,
496 2006 623 2063 quorum
646 1985 706 2042 iam
729 1982 898 2042 Boeclrhius
921 1985 953 2040 et
970 1976 1121 2058 Berglxius
1146 1976 1179 2062 (l.
1198 1984 1218 2044 l.

54 2089 78 2143 p.
92 2065 166 2152 373)
182 2071 230 2129 his
244 2072 298 2129 illa
311 2072 553 2136 adnumerarunt.
590 2074 675 2133 Idem
690 2072 815 2148 denique
831 2071 962 2130 carmina
976 2070 1042 2147 ipsa
1056 2072 1218 2130 secundum

53 2163 255 2235 argumentum
273 2160 419 2237 dIsposita
438 2183 503 2225 esse
522 2164 688 2224 luculenter
707 2163 796 2223 evIcit
813 2153 856 2240 (p.
876 2153 964 2240 370).

133 2248 217 2308 Inter
246 2253 360 2310 ceteras
388 2254 549 2330 lyricorum
577 2256 734 2329 poetarum
761 2251 880 2310 tabulas
910 2249 1143 2326 Theognidea
1170 2252 1219 2310 vel

54 2337 221 2414 digmssima
240 2343 286 2398 est
304 2360 380 2416 quae
398 2344 488 2418 paulo
512 2343 696 2403 enucleatius
720 2341 899 2400 excutiatur:
924 2335 1084 2411 Θέογνι(
1109 2336 1217 2411 Μεγα-

54 2424 119 2499 ρεύε
133 2475 140 2488 .
156 2475 162 2488 .
178 2423 321 2502 ἔγραψεν
334 2427 490 2503 -ἐλεγείαν
514 2428 559 2493 εἰ(
582 2429 657 2492 τοὺς
676 2427 834 2491 εωθένταε
853 2426 919 2488 τῶν
938 2423 1158 2502 (ορακουείων
1181 2424 1217 2488 ἐν

12 2555 14 2616 7
53 2518 85 2595 τῇ
103 2512 277 2595 πολιορκίᾳ,
301 2517 431 2595 γνώμα(
450 2517 494 2582 δι’
512 2516 656 2593 ἐλεγείας
676 2517 721 2580 εἰ(
744 2514 805 2592 ἔπη
825 2519 895 2594 ,βω,
920 2514 970 2576 καὶ
993 2512 1074 2591 πρὸ(
1095 2513 1217 2591 Κύρνον

12 2623 13 2668 ι
53 2603 104 2665 τὸν
126 2603 225 2666 αὐτοῦ
249 2603 421 2684 ἐρώμενον,
445 2605 670 2684 γνωμολογίαν
694 2602 740 2669 δι’
758 2603 910 2680 ἐλεγείων
933 2603 984 2666 καὶ
1008 2601 1118 2680 ἑτέρα(
1137 2601 1216 2666 ὑπο-

12 2729 13 2774 ,
53 2693 141 2770 θήκαε
164 2694 396 2773 παραινετικὰε,
420 2696 460 2759 τὰ
482 2695 587 2761 πάντα
612 2695 736 2759 ἐπικῶε.
782 2696 846 2767 Quo
870 2697 906 2754 de
930 2696 1025 2756 imilco
1044 2696 1217 2772 plenissime

53 2785 271 2845 seductissime
295 2787 459 2866 disputavit
486 2791 535 2850 Pr.
554 2788 747 2848 Nietzsche
776 2780 867 2867 (Mus.
886 2786 979 2844 Rhea.
1002 2804 1032 2846 n.
1050 2784 1151 2862 XXII,
1173 2786 1216 2844 in-

52 2875 146 2948 primis
173 2896 203 2952 p.
232 2877 294 2935 188
319 2870 389 2957 sa),
422 2882 523 2940 tamen
555 2879 643 2938 huius
670 2877 813 2944 iudicium
839 2876 871 2933 iu
899 2875 1003 2934 multis
1029 2875 1124 2950 iisque
1150 2894 1218 2952 gra-

52 2963 173 3023 rissimis
191 2965 281 3024 rebus
300 2969 483 3044 conprobare
501 2987 626 3044 nequeo.
663 2966 824 3043 Praecipue
843 2964 993 3023 autemid
1012 2965 1217 3024 demonstrare

53 3057 169 3113 conatus
188 3058 241 3128 est,
261 3054 470 3118 Alexandrinis
490 3056 692 3135 grammaticis
712 3055 875 3116 carminum
891 3053 1150 3130 Theognideorum
1168 3072 1217 3114 νο-

52 3142 146 3202 lumen
163 3162 223 3202 non
241 3144 300 3202 iam
320 3146 472 3223 integrum
490 3150 611 3224 praesto
630 3146 733 3221 fuisse,
752 3144 830 3203 unde
849 3140 988 3216 γνωμῶν
1003 3143 1216 3202 conlectionem

53 3231 86 3289 ad
102 3237 238 3308 tempora
255 3251 331 3309 quae
349 3236 429 3296 inter
442 3238 599 3298 Platonem
613 3254 647 3295 ac
661 3235 865 3294 Ptolemaeum
880 3231 1111 3308 Philadelphum
1124 3232 1217 3291 inter·

52 3320 143 3380 iacent
160 3323 258 3382 redire
277 3325 430 3386 conclusit.
468 3327 576 3385 Suidae
595 3343 665 3386 vero
683 3323 867 3383 notationem
885 3322 983 3396 ipsam
1001 3339 1020 3379 a
1038 3321 1132 3381 doctis
1147 3322 1217 3380 Ale-

52 3411 255 3471 xandrinorum
280 3414 386 3473 studiis
410 3415 533 3492 repetiit
556 3406 703 3497 (ceterum
730 3412 765 3472 cf.
790 3431 866 3488 quae
889 3411 949 3469 iam
968 3409 1143 3470 Welckerus
1169 3430 1215 3470 ex-

52 3500 145 3574 posuit
172 3501 291 3578 Proleg.
321 3503 352 3560 in
380 3505 543 3581 Theognid.
572 3503 642 3565 edit.
669 3523 698 3578 p.
725 3501 825 3561 LXIII
848 3493 920 3580 sq.);
953 3499 1022 3558 dein
1049 3499 1215 3560 rectissime

53 3590 137 3648 verba
154 3590 186 3648 in
204 3589 263 3650 fine
281 3592 399 3666 glossae
419 3594 535 3654 adlecta
554 3587 631 3672 (ὅτι
651 3589 708 3666 μὲν
727 3588 926 3664 παραινέεειε
944 3606 970 3649 x.
989 3604 1014 3647 τ.
1035 3581 1083 3668 l.)
1105 3587 1214 3648 Suidae

52 3677 104 3753 ipsi
121 3679 229 3738 tribuit
255 3672 304 3761 (cf.
324 3681 362 3740 H.
382 3681 596 3742 Schneidewin.
624 3682 661 3740 de
680 3673 805 3757 syllogis
825 3677 1038 3754 Theognideis,
1062 3677 1140 3736 Diss.
1158 3678 1215 3736 Ar-

52 3771 161 3840 gentor.
192 3770 288 3844 1878,
313 3791 342 3845 p.
366 3773 409 3830 40
428 3763 500 3852 ια),
528 3771 641 3830 relicua
669 3771 706 3829 ab
734 3769 885 3846 Hesychio
915 3767 1031 3826 Milesio
1059 3766 1215 3828 derivavit.

52 3855 208 3916 Tamaniu
231 3859 278 3917 his
297 3856 528 3934 διττογραφίαν
546 3861 640 3920 latere
659 3858 797 3932 coniecIt‚
815 3877 883 3918 cum
901 3857 1009 3918 titulus
1028 3854 1151 3930 γνῶμαι
1171 3849 1215 3917 δι’

52 3941 189 4018 ἐλεγείας
212 3943 257 4007 εἰ(
280 3942 340 4023 ἔπη
360 3950 417 4024 ,βω
440 3950 519 4009 idem
543 3950 624 4009 esset
647 3949 698 4025 qui
717 3943 924 4022 γνωμολογία
946 3941 1027 4019 πρὸ(
1049 3941 1214 4020 Κύρνον..

53 4032 97 4094 καὶ
127 4032 231 4110 ἕτεραι
260 4032 416 4112 ὑποθῆκαι
445 4033 670 4113 παραινετικαί.
718 4038 798 4114 Ergo
822 4037 945 4096 Suidam
974 4036 1047 4094 dues
1071 4035 1215 4113 Hesychii

51 4125 215 4184 notationes
235 4125 266 4184 in
284 4146 374 4187 unam
392 4125 623 4206 conglutinasse,
642 4145 731 4203 quam
746 4127 984 4187 obseruationem
998 4143 1032 4184 eo
1047 4125 1215 4186 confirmari

52 4214 223 4288 arbitratur,
252 4219 330 4291 quod
355 4218 387 4276 in
409 4218 558 4278 Eudociae
584 4217 707 4277 viclario
736 4217 813 4274 duae
841 4216 878 4275 de
901 4214 1073 4290 Theognide
1095 4215 1215 4291 glossae
1292 4243 1294 4246 ·

51 4309 242 4366 occurrerent.
279 4305 393 4368 Dehinc
410 4307 485 4366 illud
501 4307 627 4384 probare
646 4305 763 4366 studuit
781 4298 823 4386 (p.
840 4298 1037 4385 191-193),
1052 4305 1215 4367 Eudociam
