2878 4726
186 68 229 134 10
695 66 728 121 A.
748 63 842 120 Daub=

188 229 376 296 brbdcruloc
395 228 570 308 γενόμενος
588 227 748 307 Πρόκλου,
770 229 806 292 ὃ(
825 227 875 291 καὶ
894 225 1045 304 διάδοχον
1064 225 1163 290 αὐτοῦ
1183 225 1359 301 ἐγένετο..

186 327 251 386 Iam
269 343 340 385 vero
360 324 455 382 eidem
474 323 537 382 fere
555 323 637 395 libri,
665 321 717 398 qui
740 321 796 381 sub
816 320 935 397 Syriani
953 319 1072 380 nomine
1091 320 1138 378 hic
1156 321 1358 391 recensentur,

186 416 248 474 illic
270 413 375 473 Proclo
399 413 589 486 tribuuntur,
615 430 675 487 qua
698 411 819 487 quidem
843 410 876 468 in
901 427 992 468 causa
1021 429 1039 468 a
1068 408 1189 486 Syriani
1214 408 1358 484 discipulo

187 504 327 582 „eosdem
346 502 451 562 titulos
470 503 603 561 retentos
624 501 703 560 etin
722 500 845 576 paribus
864 498 1049 574 argumentis
1064 517 1130 558 esse
1149 495 1359 582 consumptos“

187 590 405 667 Bernhardyus
424 591 505 650 recte
524 590 659 665 negavit,
679 590 832 664 eidemque
851 588 940 664 plene
959 587 1137 663 adstipulor,
1162 586 1241 663 quod
1260 586 1360 646 omnia

189 682 301 758 scripte
318 680 388 740 inde
407 679 552 756 acerbis,
572 672 727 754 <ἔγραψεν
747 673 791 738 εἰ(
804 673 948 752 Ὅμηρον
967 671 1046 736 ὅλον
1065 669 1246 751 ὑπόμνημα’
1266 695 1360 752 usque

189 772 227 830 ed
247 765 362 846 ‘tirBltu
387 762 476 830 btru'
496 787 514 828 a
532 767 658 844 Syriaco
682 767 864 827 abiudicavit
888 759 938 846 (cf.
957 766 1047 825 etiam
1066 766 1193 828 Lobeclr.
1212 765 1359 842 Aglaoph.

189 881 217 937 p.
238 851 328 940 344).
374 857 431 927 Qui
456 861 559 917 tamen
585 859 696 917 nollem
721 857 885 916 addidisset
910 874 963 931 per
988 851 1168 927 „freudem“
1193 873 1284 931 opera
1308 855 1361 912 illa

191 950 316 1027 Syriaco
336 948 492 1024 supposita
509 947 644 1022 indeque,
664 945 742 1022 quod
760 947 847 1007 horno
862 946 941 1004 male
956 945 1077 1004 sedulus
1092 944 1284 1004 similitudine
1299 947 1361 1008 tam

191 1039 358 1098 studiorum
373 1056 463 1113 quern
477 1036 623 1095 librorum
638 1035 792 1111 utriusque
805 1033 975 1110 philosophi
990 1037 1144 1093 conmotus
1163 1037 1232 1092 ante
1251 1033 1360 1092 librum

192 1120 277 1202 ‘cepi
299 1125 365 1185 τῶν
389 1119 468 1200 παρ’
491 1120 618 1203 Ὁμήρῳ
642 1117 741 1185 θεῶν’
759 1124 851 1184 verbe
870 1119 914 1183 εἰ(
936 1118 976 1182 τὰ
993 1117 1145 1198 Πρόκλου
1170 1122 1361 1199 adpinrisset,

191 1217 253 1275 fact
240 1220 313 1274 tum
323 1233 402 1286 esse
425 1217 460 1275 ut
479 1215 554 1290 egl.
572 1209 723 1288 Πρόκλος
745 1213 974 1273 traducerentur
996 1213 1088 1272 verba
1109 1208 1182 1286 περὶ
1199 1211 1266 1271 τῶν
1284 1205 1362 1285 παρ’

190 1300 375 1383 Ὁμήρῳ-
393 1297 495 1380 βλια
509 1299 544 1364 b
546 1315 586 1362 κα
601 1295 749 1384 (ceterum
762 1301 842 1362 idem
856 1305 957 1362 censet
970 1302 1117 1373 Flachius,
1136 1303 1156 1363 l.-
1170 1303 1189 1362 l.
1195 1321 1233 1403 p
1243 1303 1285 1360 42
1297 1293 1361 1381 sq).

191 1395 269 1454 Nam
293 1394 318 1453 si
340 1393 412 1469 quid
434 1393 519 1453 rideo
542 1411 592 1451 res
614 1392 657 1451 ita
680 1411 711 1452 se
735 1392 898 1466 habet,t
863 1395 898 1450 ut
917 1384 1141 1468 epitomator',
1151 1391 1203 1468 qui
1225 1391 1256 1449 in
1276 1384 1362 1450 Ono-

191 1503 241 1542 ma
241 1476 354 1559 tologo’
377 1481 496 1559 Syriam
519 1485 550 1541 et
537 1481 672 1542 tProcli
689 1482 805 1558 glossas
825 1482 910 1540 iuxta
928 1482 1095 1541 conlocatas
1115 1481 1293 1557 reppererit,
1317 1499 1362 1538 ea·

194 1573 262 1632 dem
279 1573 343 1632 fere
362 1590 452 1648 opera
471 1571 591 1648 utrique
609 1573 723 1631 temere
741 1570 941 1646 adscripserit.

282 1660 357 1721 Gum
381 1661 503 1737 plenum
526 1679 599 1736 opus
623 1660 845 1737 Hesychianum
874 1680 913 1719 ex
938 1660 1113 1736 temporis
1140 1659 1286 1719 ratione
1314 1660 1362 1718 ad-

192 1753 331 1812 ornatum
349 1749 443 1810 fuisse
460 1769 540 1810 nunc
561 1769 615 1826 pro
639 1752 720 1809 certo
743 1749 896 1808 adfirmari
917 1749 1025 1825 possit,
1050 1742 1361 1825 ‘epitomatorem'

192 1841 242 1918 qui
261 1840 293 1899 in
312 1839 478 1899 breviorem
496 1840 623 1899 formam
641 1839 716 1899 illud
734 1839 851 1916 redegit
874 1839 1008 1915 singulos
1031 1839 1173 1898 articulos
1195 1857 1300 1897 rursus
1323 1838 1361 1897 ad

191 1930 362 1991 litterarum
384 1928 517 1988 ordinem
540 1929 571 1987 in
596 1928 705 1988 Suidae
728 1929 821 1989 lexico
844 1929 966 2005 qualem
991 1948 1068 1988 nunc
1098 1928 1360 1988 animadvertimus

194 2019 355 2095 digessisse
375 2037 410 2077 er
428 2019 543 2078 duabus
562 2017 751 2093 potissimum
770 2019 860 2078 rebus
883 2018 954 2078 licet
977 2018 1133 2092 conligere.
1170 2018 1214 2077 Ac
1237 2017 1363 2094 primum

193 2109 313 2185 quidem
331 2126 378 2166 me
398 2107 500 2168 docuit
517 2107 761 2167 Wachsmuthius
781 2108 874 2168 rerba
897 2104 957 2167 καὶ
980 2101 1097 2167 αὐτό(
1121 2108 1301 2184 aliquotiens
1322 2108 1364 2165 ita

194 2217 260 2258 esse
279 2197 427 2270 adhibita,
452 2200 485 2256 ut
504 2216 562 2256 non
582 2197 679 2257 solum
697 2198 736 2256 ad
755 2192 943 2271 ὁμωνύμου(
962 2201 1099 2257 auctores
1118 2197 1170 2273 qui
1188 2198 1365 2257 antecedunt

194 2287 330 2362 relegant
348 2277 398 2365 (cf.
416 2284 534 2346 Volkm.
546 2285 608 2363 ΙΙΠ,
627 2306 655 2362 p.
674 2286 718 2345 VI
737 2279 813 2365 sq),
832 2287 884 2346 sed
904 2287 995 2346 ctiam
1014 2287 1052 2346 ad
1070 2287 1147 2346 tales
1165 2287 1300 2362 qualium
1316 2305 1364 2344 no-

194 2376 275 2435 mine
298 2394 333 2434 er
356 2375 460 2434 ordine
483 2375 673 2451 alphabetico
696 2379 830 2452 proxima
858 2374 927 2437 sint
973 2375 1066 2434 Velut
1053 2375 1249 2452 tlegiturs
1274 2372 1363 2436 (ωει-

195 2459 325 2567 φάνη(
345 2459 542 2538 ,τραγικός
563 2458 651 2524 ,ἔετι
675 2462 710 2524 δὲ
732 2460 792 2524 καὶ
816 2459 932 2524 αὐτὸ(
956 2461 991 2525 ἐκ
1013 2459 1132 2527 τωνζ’
1154 2464 1365 2542 τραγικῶν..

194 2555 275 2631 perit
276 2573 309 2613 er
327 2556 358 2614 at
360 2573 417 2630 que
436 2549 602 2628 (ωείθεοε,
626 2555 709 2614 cuius
732 2574 840 2615 nomen
863 2555 894 2612 in
914 2548 1076 2630 epitomc’
1096 2554 1255 2632 praeiit31
1245 2556 1317 2615 item
1343 2575 1364 2614 s.

195 2639 405 2717 Τιμοκρέων.
425 2639 582 2717 κωμικὸς
605 2640 664 2702 καὶ
687 2637 800 2703 αὐτὸ(
824 2644 879 2718 τῆ(
903 2637 1037 2718 ἀρχαία(
1060 2633 1241 2723 κωμῳδίαι,
1271 2664 1309 2705 sc.
1334 2647 1366 2702 ut

195 2728 363 2806 Τιμοκλῆς
393 2751 415 2791 s.
435 2729 586 2807 Φιλήμων
605 2727 807 2806 (υρακόειοε,
835 2729 895 2792 καὶ
918 2729 1031 2792 αὐτὸ(
1055 2730 1190 2806 κωμικὸς
1213 2735 1269 2809 τῆ(
1292 2731 1365 2794 νέαι

196 2816 374 2899 κωμῳδίαι,
403 2840 441 2881 sc.
467 2825 503 2880 ut
526 2817 767 2895 ,Φιλέταιροςυ
754 2841 776 2880 s.
804 2817 994 2896 Φιλιππίδη(
1022 2816 1201 2897 Ἀθηναῖοι,
1232 2819 1365 2898 κωμικὸ(

195 2906 253 2970 καὶ
281 2905 394 2969 αὐτὸ(
421 2910 477 2984 τῆ(
500 2907 574 2970 νέα(
597 2906 764 2989 κωμῳδία(
788 2907 838 2988 (cf.
860 2911 975 2972 Volkm.
993 2911 1053 2988 Ill,
1076 2933 1104 2989 p.
1125 2903 1235 2990 VIIJ),
1266 2933 1305 2974 sc.
1329 2915 1362 2970 ut

194 2995 370 3073 Φιλήμονεε
385 2991 483 3079 ἀροῖ)
517 2999 594 3057 Dein
611 2999 650 3057 ad
668 3000 794 3060 eundem
813 3001 947 3061 ordinem
964 3002 1134 3060 rettulerim
1153 3004 1232 3078 quod
1250 3002 1363 3080 legitur

197 3109 219 3148 s.
240 3081 405 3161 Ἐπίνικος,
428 3084 487 3147 καὶ
510 3083 622 3149 αὐτὸ(
640 3084 786 3163 κωμικός,
811 3091 862 3150 ubi
880 3090 973 3150 verba
992 3087 1043 3150 καὶ
1062 3085 1158 3150 αὐτό(
1177 3092 1214 3150 ad
1233 3093 1362 3168 glossam

197 3197 220 3240 s.
239 3170 414 3250 Ἐπίλυκοε,
433 3173 568 3251 κωμικὸι
587 3175 731 3253 ποιητής,
754 3179 843 3255 paulo
862 3181 932 3238 ante
951 3180 1092 3254 positam,
1115 3199 1286 3257 quanquam
1304 3181 1364 3240 vita

196 3265 379 3342 Epimenidis
394 3265 558 3337 interiacet,
572 3268 719 3343 respicere
733 3268 880 3328 videntur.
913 3268 1005 3330 Porro
1020 3269 1052 3327 ni
1065 3270 1144 3328 fallit
1160 3270 1260 3346 opinio
1274 3265 1362 3331 verba

195 3357 226 3414 in
245 3356 324 3414 calce
343 3355 461 3432 glossae
481 3375 503 3415 s.
522 3351 677 3416 (ἐλευκοι
696 3350 854 3432 Ἐμιεηνόε
874 3357 1007 3417 exhibita
1026 3351 1088 3418 ‘rui
1115 3351 1217 3418 ἄλλον
1245 3357 1281 3420 δέ
1299 3374 1366 3419 τινα

197 3493 354 3558 (ἑλευκον
380 3490 476 3570 εὗρον
502 3492 723 3571 ἐμπαράθετον
747 3495 797 3575 (ἐν
825 3442 1002 3575 παραθτΑ,
1033 3445 1269 3579 ἐμπαραθ*ν)’,
1294 3520 1365 3579 quae

197 3586 307 3645 mirum
325 3588 453 3662 quantes
472 3586 664 3648 difficultates
683 3589 851 3648 hominibus
870 3590 964 3650 doctis
988 3589 1199 3665 praebuerint,
1221 3591 1279 3651 huc
1297 3593 1365 3650 item

197 3677 324 3751 possunt
338 3674 455 3734 adsciri
479 3675 584 3751 Neque
599 3677 677 3736 enim
691 3677 887 3753 probabiliter
902 3679 1115 3755 Bernhardyus
1129 3680 1210 3740 vocis
1229 3675 1365 3755 ἐμπαρά-

199 3767 290 3825 deror
299 3765 579 3840 interpretationem
590 3785 624 3825 ex
634 3767 733 3827 verbis
743 3768 783 3844 gl.
796 3764 1005 3842 Nrrdcrpurcc
1015 3814 1036 3828 ..
1048 3768 1149 3828 ταῦτα
1159 3765 1195 3829 ἐν
1205 3767 1365 3848 παραθήκῃ

200 3848 297 3928 εὗρον
315 3849 445 3928 κείμενα
463 3855 593 3914 nondum
612 3856 685 3916 satis
705 3857 859 3932 explicatis
874 3858 963 3934 petiit
976 3858 1178 3934 traditamque
1193 3859 1366 3936 scripturam

200 3937 297 4018 stipor
315 3939 352 4002 ἐν
371 3941 536 4022 παραθήκῃ
556 3945 701 4019 conterit,
718 3946 738 4004 i.
757 3966 782 4006 o.
802 3939 845 4005 ‘in
863 3947 921 4006 alio
941 3947 1047 4008 scrinio
1067 3967 1157 4024 quam
1176 3967 1234 4025 quo
1252 3948 1366 4009 litterae

201 4033 464 4108 grammaticorum
484 4034 721 4109 continebantur,
741 4035 803 4095 sive
817 4037 848 4095 in
862 4037 1017 4097 corollario
1032 4037 1158 4114 quodam
1175 4039 1224 4098 vel
1238 4038 1366 4098 auctario

275 4185 295 4256 ⁷)
315 4185 485 4240 Dubitanter
502 4186 575 4240 addo
594 4187 632 4257 gl.
651 4189 810 4257 Διόδωρος,
834 4192 878 4243 καὶ
898 4191 982 4245 αὐτὸ(
1005 4192 1136 4259 κωμικός,
1161 4191 1268 4260 pariter
1289 4193 1367 4260 aeque

205 4255 284 4311 cuius
302 4273 404 4312 nornen
423 4256 601 4327 subsequitur
619 4261 739 4328 Διοκλῆ(
757 4261 882 4327 κωμικός.
