2878 4726
211 194 214 200 1
300 122 342 178 De
361 121 464 178 Suidae
481 122 725 194 biographieorum
745 122 852 195 origine
871 125 901 180 et
919 125 980 182 fide.
1185 127 1224 190 17

63 297 100 370 (p.
121 293 171 365 26,
193 285 262 367 27):
289 290 321 349 in
345 290 435 350 titulo
459 287 680 365 προγνωετικὰ
704 285 754 350 δι’
779 287 881 351 ἐπῶν
906 291 999 352 verba
1021 294 1154 352 extrema
1173 297 1226 353 aut

62 381 152 440 solum
165 379 205 438 ad
219 374 440 452 προγνωττικά
454 381 507 440 aut
524 412 561 422 -
579 380 658 457 quod
680 381 745 441 veri
762 381 846 440 ducit
863 381 989 440 similius
1011 411 1048 421 -
1070 382 1107 440 ad
1123 401 1235 442 omnes

62 470 108 544 qui
126 469 306 528 antecedunt
324 469 429 529 titulos
448 487 536 545 posse
554 470 674 530 referri:
694 471 754 528 iam
773 470 799 529 si
812 470 868 530 hoe
883 472 1093 544 statueremus,
1113 471 1223 530 librum

62 553 128 632 περὶ
142 553 340 632 χρηττηρίων
353 559 486 634 pedestri
502 577 636 620 sermone
655 560 849 635 conpositum,
869 559 916 618 sin
934 559 1019 634 illud,
1037 557 1096 634 τὴν
1110 554 1225 620 ἰάτειυν

61 644 242 722 (ιιναγωγήν
261 641 411 708 ‘fortasse'
431 668 490 708 non
507 649 581 708 item
600 668 681 726 epos,
700 649 752 709 sed
770 667 859 724 prosa
879 647 1011 709 oratione
1026 649 1223 724 conscriptam

60 737 146 796 fuisse
165 736 296 796 indicare
314 737 446 798 voluisse
465 737 597 798 Suidam.
634 737 692 797 seu
714 741 856 797 neutrum
881 737 958 797 effici
977 739 1085 814 potest.
1124 738 1225 798 Verba
1284 743 1285 746 ’

61 827 133 885 enim
156 819 200 884 δι’
219 823 308 886 ἐπῶν
332 827 412 902 idae,
440 827 552 902 opinor,
580 827 717 904 adposita
740 830 822 902 sunt,
852 830 886 886 ut
910 827 1104 904 Hippocratei
1127 829 1224 904 operis

60 915 186 991 pedestri
210 934 346 975 sermone
368 917 527 993 perscripti
550 917 749 993 metaphrasis
768 917 940 992 Nicandrea
959 935 1019 976 non
1042 917 1116 975 item
1134 937 1224 993 prosa

61 1006 106 1064 sed
124 1005 261 1064 versibus
281 1024 345 1064 esse
363 1007 518 1081 conposita
532 1005 724 1083 significetur.
758 1006 843 1065 Unde
862 1024 1043 1082 consequens
1067 1009 1112 1066 est
1132 1008 1224 1066 verba

61 1087 100 1152 δι’
118 1090 206 1154 ἐπῶν
229 1095 267 1152 ad
291 1089 511 1168 προγνωττικά
533 1095 620 1155 unice
642 1095 805 1172 pertinere;
832 1113 991 1170 possumus
1013 1095 1108 1171 igitur
1133 1098 1224 1173 atque

61 1184 197 1242 debemus
217 1203 251 1242 ex
266 1183 436 1244 novissimis
451 1184 550 1244 verbis
566 1177 632 1266 (καὶ
651 1178 735 1244 ἄλλα
748 1184 881 1244 πλεῑετα
900 1176 1030 1264 ἐπικῶτ)
1050 1185 1225 1244 concludere

62 1273 165 1347 scripta
189 1276 278 1332 antea
302 1276 476 1332 enumerata
499 1268 559 1347 ἔπη
583 1274 691 1352 fuisse,
715 1293 781 1332 oum
805 1267 960 1334 Αἰτωλικά
984 1266 1034 1351 (ef.
1054 1272 1223 1334 Schneider.

60 1362 77 1420 1.
89 1362 107 1421 l.
120 1382 147 1437 p.
160 1365 198 1422 19
211 1353 279 1442 sq.),
297 1357 529 1437 Κολοφωνιοκά
543 1359 606 1439 (ll.
620 1383 648 1438 p.
664 1365 704 1423 25
716 1355 783 1441 sq.),
798 1360 870 1436 περὶ
884 1360 1036 1434 γλωιτῶν
1051 1355 1093 1442 (p.
1104 1365 1145 1422 26
1157 1356 1224 1443 sq.),

60 1447 127 1524 περὶ
144 1450 287 1524 ποιητῶν
308 1443 351 1533 (p.
368 1455 408 1512 27
425 1445 494 1533 sq.),
512 1452 664 1528 pedestria
678 1471 768 1528 opera
782 1451 889 1525 omnia,
908 1452 939 1510 in
959 1451 1101 1510 Suidiana
1117 1454 1223 1511 tabula

61 1541 163 1599 omissa
181 1542 251 1602 sint.
289 1539 371 1610 Quae
390 1541 489 1616 opinio
507 1541 623 1601 firmius
641 1545 743 1617 potest
766 1540 969 1616 conroborari,
994 1541 1081 1600 modo
1105 1541 1221 1617 pinaco-

60 1630 234 1705 graphorum
242 1631 465 1690 consuetudinis
474 1623 679 1712 supra(p.16)
688 1631 773 1690 nobis
782 1630 978 1690 adumbratae
987 1630 1220 1689 reminiscamur.

16 1785 19 1790 ¹
139 1719 262 1779 Praeter
287 1721 341 1778 has
366 1720 486 1780 tabulas
513 1721 637 1796 egregia
661 1720 719 1780 fide
744 1720 896 1796 praeditas
922 1738 982 1777 non
1008 1719 1117 1777 desunt
1145 1720 1222 1778 aliae

57 1808 230 1887 notationes,
254 1827 329 1885 quas
353 1809 379 1868 si
404 1809 502 1869 aerius
525 1809 719 1885 perpenderis
746 1809 858 1868 eisdem
877 1827 913 1866 ex
931 1807 1063 1882 limpidis
1087 1808 1221 1868 fontibus

58 1917 241 1972 promanasse
269 1897 318 1958 vix
347 1898 533 1976 diffiteberis.
582 1897 627 1957 Ac
655 1899 827 1958 litterarum
854 1897 951 1957 ordini
979 1915 1039 1956 non
1069 1897 1223 1957 adversari

58 1986 154 2046 titulos
182 2006 205 2049 s.
229 1983 424 2048 lluvductc
452 1990 512 2046 iam
530 1988 775 2060 Waohsmuthius
803 1979 845 2068 (p.
866 1988 939 2060 149,
957 2005 985 2044 ιι.
1006 1979 1063 2064 38)
1089 1987 1223 2046 animad-

58 2077 154 2151 vertit,
181 2097 308 2152 quorum
330 2077 461 2136 indolem
482 2078 592 2137 bonam
616 2070 666 2159 (ef.
691 2077 783 2136 etiam
805 2075 1046 2151 Bernhardyum,
1072 2073 1123 2135 Cr.
1148 2075 1222 2136 Litt.

59 2165 129 2226 Hist.
148 2167 191 2238 Il,
213 2158 258 2241 1³,
277 2187 306 2242 p.
326 2159 406 2247 341)
432 2168 481 2227 vel
506 2167 580 2225 illud
605 2166 728 2242 evincit,
755 2166 834 2242 qued
863 2167 894 2224 et
916 2184 1057 2224 versuum
1081 2183 1222 2225 numerus

58 2255 153 2315 sedulo
176 2255 336 2314 denotatur
360 2259 389 2315 et
408 2249 554 2316 Ἰωνικῶν
577 2259 789 2333 argumentum
812 2255 914 2331 paucis
939 2254 1115 2313 delineatur.
1160 2254 1223 2313 Nee

58 2363 110 2402 non
135 2346 227 2405 verba
255 2363 277 2406 s.
302 2339 458 2419 Ἤριννα
483 2338 503 2425 (.
524 2391 530 2424 ,
551 2339 693 2419 ἔγραψεν
718 2337 909 2418 Ἠλακάτην
938 2337 1057 2417 ποίημα
1081 2336 1115 2401 δ’
1138 2339 1222 2403 ἐιτὶν

58 2429 175 2514 Αἰολικῇ
195 2431 245 2493 καὶ
265 2429 387 2508 Δωρίδι
405 2432 561 2513 διαλέκτῳ
580 2431 670 2494 ἐπῶν
688 2425 730 2513 τ’)
754 2435 878 2492 eandem
896 2433 1042 2507 resipiunt
1060 2432 1221 2490 auetorita-

57 2526 123 2600 tem,
140 2542 207 2583 cum
226 2542 356 2600 eaquae
375 2524 455 2583 hisee
474 2525 589 2582 adnexa
607 2528 678 2583 sunt
696 2517 838 2604 (ἐποίηεε
858 2519 893 2581 οὲ
913 2519 964 2582 καὶ
982 2515 1219 2602 ἐπιγράμματα)

56 2614 241 2672 recentiorem
264 2615 393 2688 prodant
411 2614 566 2690 originem.
603 2612 780 2689 Pariterque
798 2612 890 2671 verba
913 2609 1068 2688 τελευτᾷ.
1085 2606 1218 2669 ,ἐννεο-

57 2699 218 2763 καιδεκέτιτ
240 2733 277 2743 -
298 2696 359 2762 'icor
382 2703 450 2762 τοῑτ
467 2697 607 2778 Ὁμήρου
631 2721 666 2759 ex
690 2702 903 2778 epigrammate
926 2701 957 2759 in
981 2700 1121 2758 Erinnam
1152 2718 1222 2759 eon·

56 2786 214 2871 posite·(of.
233 2792 353 2852 Anthol.
372 2792 395 2869 I,
414 2813 444 2868 p.
464 2793 540 2853 135:
569 2786 599 2851 οἱ
627 2788 663 2850 δὲ
690 2785 859 2865 τριηκότιοι
887 2785 1003 2862 ταύτητ
1029 2783 1127 2861 ετίχοι
1152 2782 1215 2848 icor

56 2874 174 2961 Ὁμήρῳ
192 2875 202 2961 ΙΙ
220 2882 276 2956 τῆς
290 2878 340 2941 καὶ
355 2882 545 2956 παρθενικῆς
558 2872 872 2961 ἐννεακαιδεκάτεοτ)
889 2879 987 2938 efficta
1002 2897 1067 2937 esse
1081 2877 1220 2953 adparet.

59 2971 258 3031 Alexandrinis
283 2990 354 3031 vero
382 2971 586 3047 grammaticis
613 2971 742 3030 Erinnae
768 2970 986 3046 epigrammata
1010 2970 1063 3026 aut
1089 2985 1149 3024 nen
1175 2968 1219 3024 in-

59 3061 183 3121 notuisse
202 3064 255 3120 aut
273 3063 413 3136 suspecta
430 3061 522 3120 fuisse
541 3079 620 3119 reor:
646 3078 818 3136 quanquam
836 3058 955 3117 omnino
974 3057 1106 3115 nondum
1125 3056 1220 3115 habeo

59 3151 236 3226 exploratum
254 3151 402 3226 poetriam
420 3169 525 3210 revera
543 3149 755 3225 conscripsisse
773 3148 1002 3224 epigrammata,
1025 3146 1218 3221 quantumvis

58 3239 236 3299 adfirmarint
254 3239 404 3316 Bergkius
422 3231 469 3319 (P.
487 3238 520 3298 L.
541 3231 597 3312 C.³,
617 3259 645 3315 p.
665 3230 745 3318 926)
770 3241 800 3297 et
822 3236 1037 3312 Bernhardyus
1061 3227 1127 3315 (Cr.
1147 3235 1219 3293 Litt

59 3327 130 3388 Hist.
147 3329 191 3405 H,
213 3321 259 3401 1³,
279 3322 367 3408 554).
404 3328 496 3388 Porro
516 3327 677 3387 Choerili
702 3327 881 3403 scriptorum
903 3325 1041 3384 notitiam
1065 3343 1101 3382 ex
1124 3324 1222 3399 priseo

61 3418 135 3478 fonte
153 3420 292 3478 haustam
312 3437 377 3477 esse
401 3419 546 3493 suspicor,
571 3417 689 3477 etiamsi
707 3416 814 3476 Suidas
838 3414 1009 3474 Choerilum
1033 3413 1163 3472 Samium
1184 3414 1221 3472 ab

59 3508 146 3567 altero
164 3508 329 3566 Alexandri
347 3508 466 3582 aequali
484 3526 544 3566 non
564 3507 637 3566 satis
656 3506 805 3566 distinxit:
830 3499 953 3578 ἔγραψε
972 3500 1008 3561 δὲ
1027 3501 1139 3561 ταῦτα·
1164 3499 1222 3576 τὴν

61 3589 231 3671 Ἀθηναίων
259 3591 349 3670 νίκην
377 3591 457 3656 κατὰ
485 3592 622 3670 Ξέρξου,
651 3589 709 3670 ἐφ’
737 3588 776 3654 οὗ
803 3591 979 3668 ποιήματα(
1007 3586 1087 3650 κατὰ
1115 3586 1221 3664 ττίχον

60 3687 189 3761 (τατῆρα
213 3685 351 3760 χρυεοῦν
375 3680 470 3761 ἔλαβε
496 3682 590 3765 (quod
609 3685 775 3760 praemium
798 3684 883 3741 unios
906 3681 1065 3740 recentiori
1084 3678 1222 3740 Choerilo

60 3777 208 3835 convenire
216 3775 369 3835 subtiliter
379 3775 511 3834 ostendit
520 3774 663 3848 Naekius,
674 3772 801 3833 Choeril.
814 3769 907 3847 [Lips.
921 3767 1029 3847 181rl,
1039 3790 1066 3845 p.
1076 3763 1222 3849 81-86)

60 3862 104 3923 καὶ
129 3862 183 3925 τὺν
206 3864 275 3924 rote
297 3859 437 3939 Ὁμήρου
462 3857 749 3936 ἀναγιγνῶικετθαι
772 3857 932 3935 ἐψηφὶιθη
957 3853 1046 3940 (quae
1069 3859 1161 3919 verba
1184 3859 1222 3918 ad

61 3951 225 4014 Choerilum
241 3953 373 4012 Samium
392 3953 546 4012 verissime
564 3952 644 4012 idem
658 3951 778 4011 rettulit
791 3970 820 4025 p.
835 3951 875 4009 89
892 3942 960 4028 sq.),
997 3942 1151 4022 Λαμιακά,
1171 3944 1222 4007 καὶ

60 4037 136 4103 ἄλλα
163 4038 235 4103 τινὰ
263 4041 423 4118 ποιήματα
450 4037 549 4101 αὐτοῦ
579 4037 720 4116 φέρεται,
761 4039 819 4098 Sed
848 4038 884 4096 de
911 4037 1105 4112 inscriptione
1132 4055 1222 4112 quam

60 4134 147 4207 priori
165 4132 288 4193 carmini
307 4133 500 4192 celeberrimo
521 4130 677 4190 Choerilus
701 4128 876 4206 praefixerit
899 4146 1005 4202 parum
1029 4128 1147 4185 constat
1170 4121 1221 4206 (ef.

60 4222 201 4282 Naehium
221 4221 326 4283 Choer.
344 4243 373 4297 p.
394 4214 463 4299 79):
496 4221 605 4297 quippe
629 4219 769 4278 exhibant
790 4235 898 4278 nomen
916 4213 1052 4289 Περτηῒτ
1076 4215 1222 4274 Stohaeus

61 4305 200 4390 (Sermon.
219 4310 350 4383 XXVII,
372 4303 418 4394 l),
446 4305 584 4385 Περτικά
611 4309 798 4369 Herodianus
822 4300 909 4389 (περὶ
931 4303 1042 4388 μονήρ.
1063 4304 1089 4365 t.
1108 4325 1136 4381 p.
1159 4298 1222 4387 13).
