2878 4726
197 76 238 140 38
707 78 740 132 A.
760 75 853 132 Daub:

197 245 272 304 citra
303 244 445 320 opinandi
471 243 692 303 vicissitudines
720 244 850 319 positum
878 244 943 306 erit.
987 243 1163 321 Quanquam
1193 277 1223 286 -
1252 248 1286 304 ut
1314 246 1376 304 hoc

86 387 94 404 ,
196 333 301 393 statim
320 351 513 394 conmoneam
531 363 567 372 -
585 331 730 391 Hadriani
748 334 933 409 temporibus
952 353 1011 393 non
1030 333 1151 394 defuere
1175 333 1226 412 qui
1245 335 1375 394 eandem

194 425 413 498 pertractarent
431 421 588 480 materiam
607 421 717 497 quique
740 421 858 482 omnino
882 442 930 482 res
954 422 1163 499 biographicas
1185 424 1217 482 in
1241 424 1371 483 summis

198 513 345 571 haberent
372 510 494 572 deliciis.
540 510 603 569 Nec
630 511 708 569 male
736 511 861 571 coniecit
887 512 1093 571 Volkmannns
1118 505 1192 591 (111,
1219 532 1248 589 p.
1271 511 1374 584 XVII,

197 603 258 661 not.
279 593 335 680 31)
355 600 521 658 Lucienum
539 600 571 658 in
589 599 709 676 dialogo
733 600 784 674 qui
810 595 887 675 βίων
905 599 1016 675 πμᾶειε
1034 601 1209 660 inscribitur
1227 601 1301 660 talia
1320 621 1374 678 po-

196 689 346 750 tissimum
365 689 466 748 studia
484 689 658 748 cavillatum
676 707 751 748 esse.

285 778 391 855 Itaque
414 797 474 837 non
491 778 545 836 abs
564 797 597 837 re
616 796 682 838 esse
700 777 833 855 videtur,
860 782 1020 856 antequam
1039 780 1077 840 ad
1096 778 1251 838 Philonem
1270 779 1374 855 ipsum

196 867 361 944 disputatio
380 867 510 944 accedat,
528 886 623 943 pauca
636 867 775 942 praefari.
807 866 891 928 Inter
909 869 978 929 illos
994 871 1130 930 auctores
1150 867 1374 946 Hermippus

196 957 372 1033 Berytius
390 956 551 1032 praecipua
570 956 658 1015 laude
677 957 874 1017 nominandus
893 961 953 1038 est,
977 977 1066 1033 quem
1083 957 1195 1016 librum
1214 953 1375 1031 περὶτῶν

198 1040 449 1121 διαπμεψάντων
468 1042 504 1106 ἐν
524 1041 651 1123 παιδείᾳ
671 1041 798 1104 δούλων
813 1047 967 1123 scripsisse
982 1046 1088 1106 Suidas
1104 1040 1143 1126 (s.
1156 1040 1287 1126 Ἴετμοε)
1305 1047 1375 1121 ipse

195 1137 335 1208 testatur,
355 1133 498 1210 cuiusque
515 1135 727 1208 auctoritatem
746 1135 990 1196 Wachsmuthins
1010 1128 1043 1215 (l.
1061 1137 1081 1194 l.
1101 1155 1129 1212 p.
1146 1137 1209 1194 140
1224 1127 1281 1217 sq.)
1302 1136 1375 1194 suh·
1434 1207 1435 1212 η

196 1223 291 1284 liliter
316 1215 562 1302 adumbravit.²⁵)
604 1223 701 1282 Huius
727 1243 797 1284 vero
822 1223 980 1301 Hermippi
1007 1224 1106 1284 studia
1133 1224 1376 1284 fructuosissima
1434 1215 1435 1298 ζ

196 1314 286 1389 paulo
312 1311 405 1372 latius
431 1311 566 1388 patuisse
589 1311 690 1372 nescio
714 1332 753 1371 an
776 1313 887 1390 conligi
909 1314 998 1374 liceat
1022 1333 1058 1372 ex
1081 1313 1181 1374 verbis
1206 1313 1375 1373 multifarie
1434 1315 1435 1346 r

172 1465 176 1474 ,
196 1401 338 1462 adhibitis
357 1419 433 1477 quae
457 1401 648 1476 reperiuntur
671 1401 703 1460 in
721 1403 851 1477 Etymol.
870 1403 909 1464 M.
928 1424 956 1479 p.
978 1405 1054 1479 118,
1074 1423 1100 1462 ν.
1122 1405 1162 1461 22
1185 1420 1209 1464 s.
1227 1423 1254 1464 ν.
1275 1395 1374 1463 Ἀπά-

197 1505 283 1566 μεια·
300 1485 393 1550 πόλι(
409 1485 564 1566 Βιθυνίαε,
580 1485 739 1564 πρότερον
754 1488 887 1565 Μυμλεά
902 1488 1091 1570 καλουμένη,
1104 1489 1145 1566 ἣν
1159 1487 1269 1566 λαβὼν
1283 1491 1377 1566 δῶμα

197 1576 284 1654 παρὰ
303 1575 465 1640 Φιλίππου
488 1579 547 1639 τοῦ
571 1575 756 1653 Δημητρίου
775 1575 794 1638 δ
813 1576 932 1656 Ζιήλαε
956 1576 1178 1654 μετωνόμαεεν
1198 1574 1375 1654 Ἀπάμειαν

197 1663 262 1729 ἀπὸ
280 1669 336 1743 τῆ(
360 1663 477 1730 ἑαυτοῦ
497 1665 646 1740 γυναικὸε
666 1662 819 1743 Ἀπάμαε,
844 1665 888 1729 ὼε
912 1662 993 1750 (add.
1012 1662 1069 1752 Vb)
1093 1665 1305 1744 Ἕρμιππο(
1330 1665 1375 1730 ἐν

196 1759 247 1837 τῷ
272 1753 359 1832 περὶ
383 1757 457 1817 τῶν
483 1753 523 1817 ἐν
547 1753 702 1836 παιδείᾳ
726 1754 959 1833 λαμψάντων
982 1753 1094 1838 λόγῳ.
1131 1757 1226 1830 Quem
1249 1758 1373 1834 quidem

196 1847 394 1922 Hermippum
421 1865 480 1905 non
509 1845 743 1906 Callimacheum
774 1848 827 1908 sed
854 1839 1092 1928 Berytinm²⁶)
1120 1866 1185 1908 esse
1214 1848 1372 1908 verissime

195 1936 311 1996 monuit
329 1935 574 1996 Wachsmuthius
594 1928 627 2015 (1.
646 1937 665 1996 l.
684 1957 713 2012 p.
735 1939 807 2013 143,
825 1942 886 1997 not.
907 1928 1023 2017 16)²⁷):
1050 1937 1129 2013 quod
1149 1936 1175 1996 si
1192 1955 1298 1996 varum
1317 1941 1368 1997 est

196 2025 442 2085 resuscitavimus
465 2025 537 2084 libri
560 2025 686 2084 alicuius
709 2026 827 2103 Berytii
850 2027 1021 2103 generalem
1046 2027 1271 2102 inscriptionem
1299 2024 1376 2102 περὶ

197 2114 264 2174 τῶν
282 2110 318 2174 ἐν
337 2109 465 2192 παιδείᾳ
484 2109 682 2188 λαμψάντων
703 2113 877 2176 Callimachi
902 2102 1160 2176 urvdswv'titulo
1180 2115 1377 2189 simillima-m,

154 2273 157 2279 ¹
200 2222 291 2280 quam
314 2203 482 2262 adtrectare
500 2203 622 2262 interim
640 2223 699 2264 non
718 2205 823 2265 ausim.
856 2205 921 2264 Iam
941 2205 1017 2265 duae
1035 2223 1084 2265 res
1104 2205 1230 2281 cogitari
1246 2209 1375 2280 queunt:

198 2295 251 2351 aut
269 2293 393 2352 huiusce
412 2291 510 2368 operis
529 2295 646 2368 partem
665 2294 758 2352 fuisse
777 2293 887 2352 librum
906 2293 1123 2354 nobilissimum
1148 2288 1232 2366 ‘sepi
1250 2291 1317 2354 τῶν
1337 2291 1385 2376 ἐν,

272 2409 305 2476 ⁵¹⁶)
324 2409 400 2464 Inter
417 2408 581 2464 testimonia
599 2408 808 2464 Wachsmuthii
827 2427 893 2465 cura
914 2411 995 2480 plene
1014 2412 1148 2480 congesta
1166 2410 1290 2465 nondum
1308 2428 1373 2480 per·
1435 2405 1436 2428 ¹

200 2475 299 2535 sanlsta
317 2481 382 2534 sunt
399 2480 486 2534 verba
505 2480 556 2535 illa
574 2495 644 2548 quae
664 2483 761 2536 extant
779 2499 800 2536 s.
820 2483 935 2547 Φλέγων
953 2484 1052 2550 Τραλλ.
1070 2524 1076 2536 .
1091 2525 1097 2536 .
1113 2483 1297 2550 ἀπελεύθεροι
1320 2489 1374 2536 τοῦ

198 2553 366 2618 (eductui)
387 2551 518 2618 Καίεαροε
545 2551 697 2621 (Wuchsm.
717 2571 744 2620 p.
765 2558 830 2620 142,
849 2571 874 2607 n.
897 2554 956 2622 13);
976 2552 1175 2624 conrigendum
1194 2569 1254 2607 esse
1274 2553 1376 2622 opinor
1435 2619 1436 2628 ᾳ

200 2621 263 2677 ‘rod
283 2624 535 2677 Οὺεεπαειανοθ
556 2623 595 2676 Κ.’
614 2629 644 2662 --’
662 2621 697 2690 ¹⁶)
712 2623 752 2676 Gt.
769 2623 955 2692 Lozynshium
967 2623 1113 2693 Hermippi
1124 2623 1231 2693 Smyrn.
1247 2622 1375 2692 Peripat.
1435 2635 1436 2692 1

197 2694 308 2762 Fragm.
325 2695 513 2760 (3011111832)
527 2712 554 2762 p.
570 2700 604 2747 24
615 2713 665 2762 sq„
680 2696 709 2748 et
720 2695 874 2748 Prellerum
887 2695 916 2748 in
931 2695 1013 2750 Jahn.
1029 2695 1127 2751 Annal.
1138 2695 1207 2764 phil.
1219 2695 1305 2761 XVII,
1322 2701 1376 2751 160
1435 2703 1436 2754 3

198 2764 239 2831 (in
261 2765 337 2818 illius
356 2764 447 2818 libelli
464 2765 548 2818 nimis
567 2765 624 2819 acri
649 2768 790 2834 censura),
818 2767 866 2834 qui
889 2765 1037 2820 veritatem
1064 2782 1121 2821 non
1143 2766 1270 2820 adsecuti
1292 2772 1372 2835 sunt,
1435 2807 1436 2810 ι

198 2834 346 2904 Hermippi
364 2835 439 2888 enirn
458 2835 639 2890 Callimachei
658 2836 723 2890 libri
741 2836 909 2906 amplissimi
931 2837 1077 2906 inscriptio
1100 2837 1196 2905 utique
1221 2837 1286 2904 βίοι
1309 2837 1375 2905 fnit,-

198 2905 340 3029 ιιοιιΧΧβΙίᾳι
371 2911 429 2960 των
463 2908 495 2960 ἐν
526 2907 651 3031 παιδείᾳῐ
664 2909 893 2997 διᾳλαμψὰντᾳιν
922 2908 968 2978 (cf.
998 2907 1189 2962 Nietzschium
1223 2909 1292 2962 Mus.
1318 2909 1376 2962 Ith.

198 2995 231 3102 ίίί
253 2979 1142 3118 μιοπείιειίίίιίιέιίιῖίίυῃίῧίαίίὲίοίμίῐείίῖίιίίλυίυιίαίιίίᾳίίνίιίδ)
1154 2979 1377 3117 ίοῑλιίίίιίιγάίιετίυίί

197 3121 305 3173 certam
332 3118 423 3185 *βίων
454 3121 564 3189 partem
597 3119 721 3174 effecisse
745 3121 887 3190 opinante.
926 3122 1069 3176 Nauchius
1093 3137 1158 3175 vero
1181 3124 1287 3176 erravit
1299 3137 1377 3177 unm

199 3189 311 3258 (Philol.
331 3190 357 3244 V
380 3191 486 3260 (1850),
515 3197 566 3246 693
590 3194 642 3260 sq.)
671 3191 893 3248 Callimachenm
917 3192 1057 3260 Berytium
1078 3209 1113 3246 ue
1139 3193 1258 3247 eundem
1286 3192 1377 3248 fuisse

199 3261 344 3316 contendit
369 3262 435 3327 (vid.
464 3261 653 3316 Nietzschium
682 3263 752 3318 Mus.
775 3263 828 3317 Rh.
858 3264 876 3316 l.
901 3264 919 3318 l.
946 3265 1017 3332 192).
1058 3209 1187 3331 θυμίημα
1214 3265 1377 3334 Muellerus,

200 3332 308 3400 aliquid
333 3332 392 3386 veri
416 3349 479 3386 cum
505 3333 688 3387 subodoratus
708 3336 783 3388 osset
801 3335 841 3404 (F.
860 3335 894 3390 Η,
915 3333 947 3388 G.
967 3335 1015 3404 III,
1035 3339 1078 3402 35,
1098 3336 1153 3404 36),
1181 3337 1275 3389 tamon
1299 3337 1376 3390 veris

200 3401 271 3456 falsa
289 3402 465 3472 permiscuit:
493 3402 620 3458 confudit
636 3420 737 3473 nempe
756 3406 858 3460 librum
877 3409 939 3473 περί
957 3411 1016 3459 τῶν
1032 3448 1038 3460 .
1054 3449 1060 3460 .
1076 3406 1291 3472 διαπρεψάντων
1311 3409 1376 3462 δού-

199 3477 256 3528 λων
276 3473 400 3527 disertim
421 3476 608 3528 contestatum
627 3493 793 3544 sumopere
817 3480 879 3544 περὶ
905 3478 1026 3532 ἐνδόξων
1050 3478 1161 3544 ἀνδρῶν
1184 3476 1320 3546 (ἰατρῶν).
1340 3509 1376 3520 -—

202 3544 235 3610 ²⁷)
261 3543 300 3598 Cf.
325 3545 409 3599 etiam
433 3547 466 3598 A.
491 3545 735 3615 Uppenkampium
758 3546 879 3616 Princip.
904 3547 975 3617 disp.
999 3548 1033 3601 de
1058 3547 1127 3617 orig.
1152 3548 1289 3602 conscrib.
1308 3549 1375 3604 hist.

199 3615 254 3670 litt.
274 3633 319 3683 ap.
339 3615 395 3684 Gn,
414 3616 533 3670 Monast.
550 3622 627 3685 1841,
647 3636 673 3685 p.
688 3623 731 3672 28.
769 3619 868 3687 Neque
886 3619 982 3672 tamen
996 3619 1209 3674 Wachsmuthio
1229 3620 1376 3676 adsentior

200 3703 263 3740 eum
287 3686 499 3740 Hemsterhnsio
522 3705 571 3756 pro
595 3687 708 3743 insolito
735 3691 810 3759 λόγῳ
835 3706 932 3744 vocem
961 3691 1092 3744 δούλων
1115 3688 1289 3760 restituenti,
1318 3710 1377 3761 qua

200 3758 286 3812 verba
308 3757 418 3828 volgari
437 3756 528 3827 operis
548 3758 711 3829 Hermippei
729 3761 905 3830 inscriptioni
924 3761 1174 3827 adconmodentur3
1194 3762 1270 3816 haud
1290 3763 1377 3818 dubie

199 3829 273 3883 enim
292 3830 365 3898 λέγει
384 3829 587 3883 emendandum
607 3834 657 3885 est.
678 3861 711 3872 -
735 3832 776 3886 Do
791 3832 904 3900 Berytio
923 3834 1016 3886 autem
1036 3831 1082 3886 hic
1100 3832 1181 3887 unice
1200 3849 1282 3902 posse
1297 3835 1376 3905 cogi-

198 3899 253 3954 tari
270 3901 315 3954 vel
328 3900 399 3954 illud
415 3902 591 3967 μετωνόμαεε
605 3901 787 3968 demonstrat,
803 3921 858 3971 quo
872 3903 909 3957 ad
918 3903 1064 3959 Philonem
1075 3903 1204 3972 Byblium
1214 3907 1376 3964 necessario

200 3971 364 4025 deferimur:
379 3989 463 4039 quem
471 3971 500 4026 in
515 3989 598 4040 opere
607 3976 670 4041 περὶ
683 3975 793 4028 πόλεων
807 3992 830 4029 κ.
840 3993 865 4029 τ.
878 3978 901 4028 λ.
917 3974 1132 4030 metonomaeias
1142 3975 1298 4044 respexisse
1309 3994 1375 4033 eou-

198 4043 309 4111 pertum
333 4041 468 4097 hahemus
497 4043 542 4114 (cf.
561 4044 591 4096 Β,
611 4043 739 4099 Niesium
759 4045 793 4100 de
813 4046 909 4114 Steph.
930 4046 994 4115 Byz.
1015 4048 1088 4101 auct.
1108 4064 1134 4114 p.
1155 4049 1209 4115 37),
1238 4046 1375 4118 cuiusque

199 4112 327 4183 vestigiis
348 4113 518 4183 Hermippus
542 4114 694 4184 discipulus
719 4115 764 4170 hic
785 4116 922 4171 institisse
940 4117 1063 4183 videtur,
1087 4118 1122 4172 cf.
1141 4117 1284 4174 Wachsm.
1305 4119 1325 4173 l.
1346 4121 1375 4189 l.,

201 4186 349 4253 praeterea
371 4184 467 4254 Steph.
487 4185 551 4254 Byz.
576 4205 597 4240 s.
617 4188 753 4255 Μύρλεια,
780 4189 957 4258 Νικομήδεια,
983 4188 1114 4255 Ῥιίβεννα
1139 4189 1227 4259 (πόλις
1251 4190 1375 4248 Ἰταλίας.

198 4256 351 4324 Ἕρμιππος
369 4257 385 4309 d
405 4257 539 4325 Βηρύτιοε
559 4259 705 4313 Ῥοὺενναν
725 4261 814 4326 αιίτήν
833 4262 927 4330 καλεῖ).
