2878 4726
303 128 344 187 De
364 127 467 184 Suidue
485 128 729 200 biographieorum
749 129 855 200 origine
875 134 904 185 et
921 131 983 188 fide.
1027 167 1029 169 -
1186 131 1230 194 35

147 315 170 358 s.
197 290 456 358 Ἀπολλώνιος
484 293 666 376 Τυανεύς,
695 292 931 373 φιλόςοφος..
954 295 1071 374 ἤκμαζε
1096 294 1153 373 μὲν
1176 293 1229 358 ἐπὶ

57 381 295 460 Κλαυδίου-καὶ
319 382 413 446 Γαίου
442 383 492 446 καὶ
517 383 666 461 Νέρωνος
690 383 741 446 καὶ
766 385 855 462 μέχρι
880 384 998 466 Νέρβα,
1027 380 1148 469 έφόῦ
1177 385 1228 447 καὶ

6 489 7 576 β
56 467 252 550 μετήλλαξεν
272 467 322 555 (ef.
342 475 434 534 edium
453 495 475 535 s.
496 468 669 536 Ἀππιανός
689 479 719 535 εί
738 495 760 537 ε.
780 471 919 556 Δίκτυς).

6 577 7 580 ’
146 583 168 624 s.
188 559 357 638 Δίδυμος
376 559 394 623 ὁ
413 564 481 624 τοῦ
499 559 762 640 Ἡρακλείδου,
783 561 1009 640 γραμματικός,
1029 561 1066 624 ὃς
1085 562 1227 639 διέτριψε

56 649 144 728 παρὰ
164 650 308 728 Νέρωνι.
324 699 330 712 .
1120 723 1122 726 ,

147 761 168 802 s.
188 737 395 803 Διονύςιος
415 736 699 817 Ἀλεξανδρεύς,
719 739 894 802 όΤλαύκου
910 737 985 817 υίός,
1005 739 1226 819 γραμματικός,

56 825 159 890 ὅςτις
178 825 253 890 ἀπὸ
269 828 445 905 Νέρωνος
460 841 584 910 συνῆν
598 843 664 894 καὶ
679 847 763 906 τοῖς
776 838 876 913 μέχρι
894 843 1063 913 Τραιανοῡ
1080 828 1228 913 (Rohdius

55 921 74 978 1.
93 921 114 980 l.
135 922 207 992 165,
226 940 255 980 n.
278 924 293 978 1
319 924 388 979 ente
407 919 503 994 ςυνήν
522 920 637 979 addidit
655 915 695 994 ήν
714 915 764 979 καί
785 913 835 1002 (el.
855 939 877 980 s.
897 914 1137 1002 Ἀριςτόξενος),
1162 923 1227 997 ipse

55 1009 128 1067 olim
155 1009 268 1068 inserui
300 1003 357 1069 ὤν.
403 1007 462 1068 Sed
495 1011 622 1085 utreque
653 1009 801 1085 scriptura
832 1010 928 1080 mulie
960 1011 1144 1085 probabilior
1181 1015 1228 1070 esi

57 1097 280 1157 Waehemuihii
300 1098 467 1158 emendatio
491 1091 548 1158 ‘dc
572 1098 653 1157 τοῖς
679 1093 744 1158 ἀπὸ
764 1095 799 1158 Ν.
818 1092 935 1172 ςυνήν’,
959 1101 1136 1175 praesertim
1160 1120 1228 1159 eum

55 1187 84 1244 in
104 1187 151 1246 hie
178 1180 401 1263 ‘biographieis'
424 1187 537 1247 nomini
559 1187 686 1246 hominis
709 1188 838 1246 litterati
860 1189 1026 1264 plenaeque
1050 1189 1113 1248 eius
1138 1190 1227 1266 sigui-

55 1275 187 1335 fieationi
200 1276 312 1336 reiieue
326 1276 470 1336 memorie
484 1277 579 1336 soleat
594 1277 711 1335 adnecti
724 1277 897 1352 pronomine
911 1271 948 1336 ὅς
961 1297 1057 1353 neque
1072 1271 1226 1359 derum»,

6 1417 7 1444 ,
56 1361 107 1423 καὶ
130 1363 196 1424 τῶν
217 1363 426 1440 βιβλιοθηκῶν
445 1359 584 1438 προῦςτη
600 1411 607 1424 .
623 1411 629 1424 .
644 1361 684 1440 ἠν
704 1363 739 1424 δὲ
764 1362 814 1425 καὶ
839 1360 1026 1426 διδάςκαλος
1045 1363 1228 1442 Παρθενίου

6 1451 7 1508 1
55 1453 113 1512 τοῦ
132 1453 362 1528 γραμματικοῦ,
387 1451 557 1529 μαθητὴς
580 1451 620 1513 δὲ
643 1451 883 1528 Χαιρήμονος
902 1455 972 1515 τοῦ
992 1451 1225 1531 φιλοςόφου,

56 1539 94 1602 ὃν
113 1538 163 1602 καί
183 1539 390 1604 διεδέξατο..

6 1681 7 1708 ,
144 1651 167 1691 s.
186 1625 464 1707 Ἐπαφρόδιτος
485 1628 719 1712 Χαιρωνεύς,
734 1628 955 1708 γραμματικός,
971 1627 1097 1707 Ἀρχίου
1113 1679 1118 1693 .
1134 1680 1140 1692 .
1156 1636 1227 1708 θρε-

6 1740 7 1770 i
56 1715 251 1780 πτός..καὶ
278 1717 493 1783 παιδεύςας..
514 1717 554 1780 ἐν
572 1716 691 1800 Ῥώμῃ
720 1720 930 1796 διέπρεψεν
958 1719 1020 1782 ἐπὶ
1050 1720 1227 1797 Νέρωνος

6 1805 7 1816 ³
55 1806 115 1868 καὶ
140 1807 247 1900 μέχρι
272 1807 409 1884 Νέρβα,
433 1803 516 1870 καθ’
539 1806 583 1870 ὃν
608 1806 750 1884 χρόνον
768 1823 825 1874 καὶ
845 1823 1059 1887 Πτολεμαῖος
1077 1813 1228 1892 ὁἪφαι·

55 1908 198 1972 στίωνος
217 1901 258 1976 ήν
276 1909 333 1961 καὶ
352 1900 453 1962 ἄλλοι
469 1911 588 1978 συχνοὶ
603 1909 674 1964 τῶν
689 1903 893 1976 ὀνομαστῶν
907 1904 945 1964 ἐν
961 1910 1102 1982 παιδείᾳ
1117 1919 1142 1960 κ.
1157 1918 1183 1978 τ.
1200 1901 1226 1960 λ.

143 2006 167 2046 s.
182 1980 432 2061 Ἀλέξανδρος
447 1982 617 2062 Αἰγαῖος,
633 1983 815 2063 φιλόςοφος
830 2035 837 2048 .
852 2035 859 2050 .
874 1983 1061 2049 διδάςκαλος
1078 1987 1227 2065 Νέρωνος

53 2074 113 2134 τοῦ
135 2072 298 2151 βαςιλέως,
318 2070 382 2149 ἅμα
403 2072 575 2150 Χαιρήμονι
589 2122 618 2136 ..

143 2183 166 2224 s.
188 2161 404 2242 Κορνοῦτος
422 2160 622 2240 Λεπτίτης,
647 2161 837 2242 φιλόςοφος,
855 2164 1029 2239 γεγονὼς
1048 2164 1089 2227 έν
1107 2163 1225 2247 Ῥώμῃ

54 2249 107 2313 ἐπὶ
128 2249 278 2327 Νέρωνος
297 2250 347 2312 καὶ
371 2250 451 2327 πρός
471 2250 570 2313 αὐτοῦ
590 2248 766 2330 ἀναιρεθεὶς
785 2253 841 2316 ςὺν
860 2257 910 2336 τῷ
931 2253 1148 2336 Μουςωνίψ.

143 2361 166 2401 s.
196 2338 424 2403 Μουςιίινιος
445 2389 454 2418 .,
472 2389 478 2402 .
498 2339 662 2418 Τυρρηνὸς
682 2391 688 2404 .
709 2389 715 2403 .
735 2342 930 2404 διαλεκτικὸς
963 2341 1143 2421 φιλόςοφος
1175 2343 1227 2405 καὶ

53 2426 196 2505 ςτωικός,
224 2428 369 2503 γεγονὼς
397 2427 449 2491 ἐπὶ
474 2428 636 2507 Νέρωνος,
664 2438 834 2515 γνώριμος
857 2435 889 2498 δ’
914 2436 1141 2499 Ἀπολλωνίου
1164 2445 1225 2499 τοῦ

54 2507 212 2577 Τυανέως
229 2513 286 2566 καὶ
305 2503 424 2567 ἄλλων
444 2511 630 2568 πολλῶν..

143 2611 166 2651 s.
185 2584 429 2651 Ἀκουςίλαος
453 2585 619 2664 Ἀθηναῖος
644 2588 691 2653 ιῦν
710 2638 716 2652 .
737 2636 745 2652 .
765 2587 880 2653 οὗτος
904 2589 1023 2669 ήράςθη
1053 2589 1161 2666 λόγων
1189 2591 1225 2654 έν
1341 2663 1343 2672 ,

52 2673 198 2754 Ἀθήναις
222 2676 273 2739 καὶ
296 2676 420 2740 ἐλθὼν
444 2675 488 2740 εἰς
512 2675 655 2756 Ῥώμην
678 2677 731 2741 ἐπὶ
761 2677 864 2758 Γάλβα
892 2680 1054 2758 διέτριψεν
1082 2675 1134 2765 (an
1163 2681 1225 2744 διέ-

52 2761 213 2850 πρεψενί)
233 2765 270 2828 ἐν
289 2763 398 2841 λόγοις
418 2764 605 2844 ῥητορικοῖς.

6 2913 7 2916 ,
142 2877 164 2918 s.
199 2852 457 2938 (κοπελιανὸς
493 2855 761 2934 Κλαζομένιος,
799 2859 961 2936 ςοφιςτής,
993 2858 1139 2934 γεγονὼς
1173 2858 1225 2921 ἐπὶ

6 2959 7 3008 ι
53 2943 160 3023 Νέρβα
175 2991 182 3006 .
196 2990 203 3005 .
219 2944 443 3021 ςυγχρονιῦν
462 2940 705 3028 Ἀπολλωνίῳ
724 2949 774 3029 τῷ
794 2945 944 3010 Τυανεῑ.

141 3055 165 3096 s.
183 3031 434 3110 Πλούταρχος
460 3033 677 3111 Χαιρωνεύς
692 3083 699 3096 .
714 3084 720 3097 .
736 3036 881 3110 γεγονὼς
904 3035 956 3099 ἐπὶ
979 3039 1045 3099 τῶν
1064 3036 1224 3114 Τραϊανοῦ

6 3135 8 3210 ψ
51 3123 109 3183 τοῦ
126 3119 279 3198 Καίςαρος
299 3119 426 3198 χρόνων
445 3121 496 3184 καὶ
515 3120 561 3185 ἔτι
575 3120 713 3200 πρόςθεν
728 3119 779 3208 (ef.
795 3128 922 3188 etiams.
938 3123 1045 3188 Ἰάςων
1059 3122 1225 3206 Ἀργεῖος).

48 3295 56 3317 ὶ
141 3233 163 3273 s.
188 3207 429 3288 Ἀριςτοκλῆς
444 3259 473 3274 ..
494 3213 654 3291 ςοφιςτής,
683 3213 827 3288 γεγονὼς
851 3213 903 3277 ἐπί
930 3234 965 3277 τε
989 3214 1150 3292 Τραϊανοῦ
1174 3215 1225 3277 καὶ

57 3299 227 3376 Αδριανοῦ.
844 3355 854 3376 ,

142 3409 165 3450 ι.
194 3385 304 3470 Δίων
328 3386 346 3450 ὁ
374 3387 639 3466 Παςικρὰτους
659 3439 665 3452 .
686 3392 860 3469 ,διέτρεψε
888 3391 926 3455 τὸ
955 3393 1104 3456 πλείςτον
1137 3392 1224 3470 παρὰ

49 3476 244 3560 Τραϊανῷ..

141 3589 164 3630 s,
184 3563 368 3644 Ἀβχίβιοε
387 3566 632 3644 Πτολεμαίου
648 3617 654 3631 .
670 3617 676 3630 .
691 3579 922 3653 γραμματικὸς
940 3583 1011 3638 τῶν
1025 3573 1089 3649 ἕως
1104 3585 1223 3655 Τραΐα·

50 3650 113 3704 νοῦ
133 3649 195 3704 τοῦ
215 3651 384 3722 Καίσαρος
402 3645 440 3706 ἐν
456 3646 569 3722 Ῥώμη
589 3649 864 3708 παιδευσάντων.

123 3808 159 3879 ¹⁴)
178 3810 268 3865 Novit
279 3811 375 3865 tumen
389 3813 517 3881 exempla
531 3811 671 3868 οοιιίιαιία
685 3813 784 3868 haece:
804 3831 824 3869 s.
841 3813 1012 3881 Ἀντιςθένης
1027 3856 1032 3867 .
1049 3857 1054 3868 .
1070 3816 1224 3884 φιλόςοφος

48 3883 238 3950 (ωκρατικός,
262 3883 352 3936 όςτις
374 3885 589 3950 περιπατητικὸς
612 3885 726 3951 ἐκλήθης
752 3900 772 3937 s.
793 3885 1027 3951 Ἀριςτογείτων.
1048 3887 1169 3955 ,ῥήτωρ
1190 3930 1195 3941 .
1217 3930 1222 3942 .

47 3955 142 4008 όςτις
169 3953 328 4007 ἑπεκαλειτο
358 3954 449 4018 Κύων;
478 3955 522 4008 bis
550 3954 580 4008 iu
601 3955 706 4009 talibus
729 3957 829 4023 δςπερ
853 3956 1010 4010 adhibitum
1030 3959 1084 4011 eet:
1113 3975 1133 4011 e.
1155 3959 1224 4026 Ἀρί-

46 4040 164 4079 ςτιππος
183 4067 188 4079 .
210 4067 216 4078 .
236 4025 389 4092 φιλόςοφος
409 4067 414 4078 .
435 4067 441 4079 .
462 4026 517 4094 ἀφ’
536 4027 642 4093 οῦπερ
665 4029 682 4094 ἡ
704 4029 861 4094 Κυρηναϊκή
882 4069 888 4081 .
910 4071 915 4082 .
936 4029 1036 4095 αἵρεςις
1058 4031 1176 4095 ἤρξατο;
1201 4049 1221 4083 s.

47 4097 231 4165 Καρνεάδης.
249 4136 254 4148 .
270 4096 435 4166 φιλόςοφος,
462 4098 517 4164 ἀφ’
536 4099 639 4165 οῦπερ
658 4100 675 4165 ἡ
699 4099 749 4151 νέα
772 4099 1046 4166 ἀκοδημίαήρξατο.
1086 4099 1224 4170 Ορίιιαίαι

45 4185 114 4222 vero
134 4165 241 4220 talibus
255 4166 374 4221 fortasse
388 4167 528 4220 interdum
542 4168 649 4223 fontem
659 4167 737 4222 reddi
752 4169 903 4238 periturae
920 4173 965 4224 vix
979 4187 1047 4224 cusu
1060 4169 1165 4225 suetum
1180 4172 1224 4240 eit,

46 4237 126 4306 quod
140 4236 241 4306 quater
262 4236 422 4292 ‘oirtvec’
442 4240 591 4307 usurpetur
605 4239 641 4292 ud
656 4237 852 4308 significandos
869 4241 918 4294 VII
933 4241 1065 4310 tragicos,
1085 4242 1118 4298 ef.
1135 4261 1155 4298 s.
1172 4244 1226 4297 Λυ-

46 4312 183 4379 κόφρων,
203 4309 348 4376 (οφοκλῆς
367 4309 525 4378 Ἀθηναῖος,
545 4310 718 4379 (ωςιφάνης,
737 4310 868 4366 Φιλίςκος.

6 4353 8 4376 ί

6 4383 7 4452 ί
99 4407 192 4449 Βααδ.
995 4408 1010 4454 3
