2878 4726
291 110 332 166 De
351 110 453 167 Suidae
471 111 717 183 biographicorum
736 112 843 185 origine
863 118 891 170 et
909 116 972 171 fide.
1180 117 1220 180 19
1319 182 1322 190 ,

54 273 169 352 ἔγραψε
181 274 358 353 Περεηίδοε
375 274 477 356 βιβλία
488 273 507 339 ι’
516 276 566 340 καὶ
580 277 712 360 [ὕμνουε
724 282 911 343 intercidisse
924 285 1094 362 suspicatur
1100 283 1223 346 Wachs-

53 364 194 443 muthius]
216 363 260 428 εἰ(
285 365 404 444 Εὐμένη
430 367 481 429 καὶ
499 362 666 431 Ἄτταλον.
705 371 787 442 Quae
805 375 897 432 rerba
916 373 974 432 dici
992 375 1097 450 nequit
1115 379 1221 451 quant·

53 477 136 533 opere
146 458 281 518 homines
289 459 390 520 doctos
398 460 551 534 torserint,
561 481 687 537 quorum
695 462 848 538 opiniones
856 464 1006 540 congessit
1015 463 1220 525 Volkmannus

52 539 116 625 (111,
125 568 152 623 p.
163 546 240 606 VIII
255 551 355 608 etnot.
367 551 396 624 8,
410 549 469 610 vid.
485 550 575 609 etiam
591 549 621 610 C.
632 551 819 631 Muellerum,
834 552 881 611 Fr.
897 552 935 611 H.
951 551 1001 612 Gr.
1011 552 1063 630 IV,
1075 544 1143 613 518
1154 574 1220 613 cum

51 629 287 718 sdnot.);verum
297 639 386 698 huius
396 638 489 715 ipsius
500 657 642 699 conamen
652 641 695 699 rei
703 641 875 701 enodandae
883 641 1066 701 velmaxime
1075 643 1221 718 displicet.

52 725 91 784 hc
109 727 239 802 primum
258 728 378 804 quidem
396 728 526 788 Kustero
546 733 577 788 et
594 729 791 808 Bernhardyo
816 731 984 807 adstipulor
1008 725 1165 791 ‘uuutouc’
1186 733 1222 790 de

52 816 180 893 conlegio
194 817 244 876 vel
258 816 345 876 docta
357 817 510 877 hominum
520 818 774 896 Pergamenorum
785 819 928 879 societate
938 821 1220 896 interpretantibus:

53 925 136 980 quarn
158 906 306 966 rationem
330 908 354 964 si
379 907 587 983 amplectimur
615 929 675 968 una
702 928 769 968 cum
796 909 1023 970 Wacbsmuthio
1047 911 1147 970 verbis
1170 906 1221 969 καὶ

53 989 142 1054 αὐτότ
161 998 231 1072 post
249 990 405 1056 ἐποποιότ
423 998 616 1072 transpositis
639 1029 675 1039 -·
696 999 741 1057 ita
764 1002 798 1057 ut
816 999 958 1058 Musaeus
978 999 1127 1075 Ephe'sius
1151 1019 1219 1058 cum

52 1084 202 1144 Eleusinia
213 1086 406 1162 conferretur,
420 1086 479 1146 vid.
489 1107 518 1163 p.
528 1089 592 1147 406
612 1119 661 1166 -,
675 1088 742 1147 hinc
757 1088 828 1147 talis
842 1089 905 1147 fere
921 1089 1071 1148 sententia
1086 1088 1219 1148 elicitur:

53 1166 197 1250 ‘Musaeus
213 1218 219 1232 .
236 1219 242 1233 .
258 1177 288 1235 ct
306 1175 370 1251 ipse
388 1179 478 1251 poeta
497 1177 608 1252 apicus,
626 1196 703 1236 unus
724 1196 760 1236 ex
778 1178 815 1236 iis
834 1177 885 1254 qui
904 1179 935 1236 in
954 1177 1090 1254 conlegia
1104 1177 1216 1255 Perga-

53 1281 131 1322 mena
149 1265 269 1323 adlecta
287 1258 393 1324 ercnt'.
432 1264 497 1334 Qua
516 1284 583 1324 cum
600 1267 753 1325 notatione
776 1267 857 1326 haud
881 1267 941 1326 scio
961 1286 999 1325 an
1018 1271 1088 1343 apte
1107 1271 1220 1343 queant

52 1353 199 1427 conparari
219 1373 296 1429 quae
315 1373 338 1414 s.
357 1374 384 1414 v.
404 1350 554 1429 Λεεχίδηε
572 1355 727 1431 leguntur:
752 1352 788 1415 bc
808 1350 1070 1429 ευνεετράτευεεν
1089 1351 1219 1430 Εὐμένει

52 1441 92 1519 τῷ
120 1441 252 1517 βαειλεῑ·
281 1439 321 1517 ἦν
349 1439 601 1517 ἐπιφανέετατοε
631 1443 697 1504 τῶν
728 1439 783 1521 (sc.
807 1441 1043 1522 Περγαμηνῶν)
1068 1444 1218 1519 ποιητῶν.

53 1531 141 1605 (υνῆν
160 1529 196 1590 δὲ
210 1527 316 1610 τούτῳ
331 1528 381 1592 καὶ
395 1528 524 1593 Πυθέα(
543 1527 562 1592 ὁ
578 1531 779 1608 ευγγραφεὺε
798 1531 849 1593 καὶ
864 1531 1054 1608 Μένανδροε
1069 1528 1087 1592 ὁ
1103 1529 1218 1609 ἰατρόε.

132 1619 232 1680 Unum
260 1623 398 1697 superest
424 1623 604 1699 exemplum,
633 1609 712 1699 quod
738 1623 816 1682 uude
842 1623 988 1699 originem
1013 1624 1141 1682 traxerit
1165 1643 1219 1698 pro

53 1711 125 1769 certo
150 1710 209 1769 diei
232 1712 350 1788 nequit,
377 1713 482 1771 tabula
504 1712 644 1772 videlicet
668 1732 690 1772 s.
710 1706 899 1786 Ἀριετέαε
914 1758 920 1772 .
937 1757 942 1771 .
958 1708 998 1772 τὰ
1017 1706 1219 1787 Ἀριμάεπεια

53 1795 227 1872 καλούμενα
254 1794 315 1874 ἔπη
346 1793 424 1880 (itu
453 1795 486 1860 δ’
509 1796 629 1875 ἱετορία
656 1800 722 1860 τῶν
749 1796 976 1878 Ὑπερβορέων
1005 1795 1218 1879 Ἀριμαεπῶν)

54 1883 147 1962 βιβλία
169 1879 252 1960 γ’..
273 1884 394 1964 ἔγραψε
420 1884 452 1948 δ’
475 1884 571 1950 οὗτοι
599 1886 649 1950 καὶ
672 1885 910 1965 καταλογάδην
940 1883 1023 1972 (nam
1049 1891 1090 1950 sic
1115 1891 1219 1950 distin-

53 1977 196 2051 guendum
225 1982 284 2056 cst;
306 1979 445 2039 notitiam
468 1999 538 2039 vero
563 1981 600 2039 de
624 1999 713 2056 opere
738 1973 911 2052 εθεογονία’
936 1979 1023 2054 plane
1047 1981 1219 2048 mendacem

53 2084 110 2124 csse
133 2070 264 2147 constat,
288 2068 323 2128 cf.
344 2069 378 2128 Ε.
398 2069 548 2128 Hillerum
568 2070 644 2128 Mus.
662 2070 719 2129 Rh.
738 2089 766 2127 n.
786 2068 923 2140 XXXIII,
944 2061 1023 2148 522)
1048 2064 1218 2141 θεογονίαν

53 2150 91 2214 εἰ(
104 2149 163 2230 ἔπη
183 2173 222 2231 ,α,
241 2158 272 2216 in
287 2177 346 2233 qua
359 2159 499 2218 carminis
515 2159 590 2234 epici
605 2159 643 2218 ad
662 2161 875 2234 argumentum
894 2177 1110 2234 numerumque
1129 2157 1218 2218 libro-

52 2264 110 2303 rum
130 2247 272 2324 descripti
290 2247 428 2306 notitiam
445 2267 505 2308 non
524 2249 586 2307 stne
609 2249 674 2308 veri
697 2248 793 2324 specie
817 2242 922 2308 πίναξι
946 2246 1097 2307 vindicare
1115 2265 1219 2322 possu-

52 2353 111 2393 mus
131 2327 181 2416 (cf.
197 2336 289 2395 etiam
303 2336 337 2396 hl.
352 2336 502 2396 Rohdium
520 2338 591 2396 ibid.
606 2358 634 2414 p.
652 2339 724 2411 181,
738 2357 766 2396 n.
783 2330 826 2416 2).
856 2337 1032 2412 Quanquam
1054 2335 1218 2412 Dionysius

53 2422 318 2486 Halicarnassensis
344 2423 392 2505 (π.
413 2443 441 2485 τ.
467 2423 602 2486 Θουκυδ.
627 2442 695 2501 χαρ.
716 2445 739 2486 ο.
761 2428 812 2503 23,
835 2446 863 2502 p.
884 2427 947 2486 863
969 2420 1027 2506 sq.)
1059 2428 1089 2484 et
1114 2424 1219 2484 Cadmi

52 2511 153 2573 Milesii
172 2517 203 2573 et
222 2515 361 2574 Aristeae
382 2515 492 2591 scripte
510 2516 590 2575 inter
609 2535 644 2576 ea
662 2516 788 2589 rettulit,
809 2535 885 2592 quae
903 2516 975 2574 licet
989 2517 1120 2573 aetatem
1133 2515 1219 2573 tulis-

52 2607 112 2661 sent
133 2620 192 2662 non
217 2624 275 2663 uno
300 2623 445 2664 consensu
468 2624 522 2680 pro
541 2605 679 2682 genuinis
700 2606 891 2664 haberentur.
929 2604 985 2663 Sed
1006 2602 1218 2680 Callimachus,

52 2692 155 2767 opinor,
174 2692 262 2752 fidem
282 2693 364 2752 illius
385 2695 522 2754 carminis
542 2698 711 2770 suspectam
729 2693 833 2753 sedulo
851 2696 957 2754 notare
976 2692 1154 2768 supersedit.
1177 2723 1214 2732 -

52 2779 98 2839 Nil
115 2782 188 2841 certi
206 2781 333 2860 denique
354 2783 510 2842 enucleare
529 2783 615 2860 potui
634 2784 669 2843 de
685 2783 830 2843 Homeri
848 2802 971 2859 operum
991 2781 1109 2856 tabula,
1128 2801 1217 2858 quam

52 2889 82 2926 ex
100 2871 222 2931 diversis
240 2872 396 2949 particulis
415 2873 571 2932 conflatam
592 2891 657 2932 esse
675 2873 779 2949 liquet,
798 2891 852 2931 neo
865 2872 953 2930 facile
968 2873 1015 2930 est
1029 2871 1217 2947 singularum

52 2960 188 3036 originem
208 2962 367 3040 expiscari,
387 2980 454 3020 cum
471 2963 615 3038 permulti
634 2962 793 3037 scriptores
812 2962 842 3019 in
863 2961 985 3021 Homeri
1003 2959 1067 3019 vita
1087 2963 1117 3018 et
1135 2961 1218 3036 poesi

52 3051 210 3109 enarranda
238 3051 451 3111 desudaverint
478 3043 527 3130 (cf.
551 3051 667 3110 Tatiau.
694 3070 740 3127 ap.
764 3050 874 3110 Euseb.
900 3049 948 3109 Pr.
972 3049 1026 3108 Er.
1050 3049 1092 3128 X,
1114 3052 1152 3107 11
1175 3074 1216 3096 =

53 3135 82 3196 Ο.
96 3137 263 3202 Schneider.
284 3139 358 3199 Call.
372 3139 412 3214 H,
431 3140 466 3198 fr.
482 3133 571 3222 390).
604 3140 718 3200 Tamen
737 3139 871 3216 singulos
890 3139 996 3197 titulos
1016 3139 1157 3213 quoniam
1176 3138 1218 3196 in-

52 3229 193 3304 conposite
213 3248 247 3288 ac
269 3231 358 3305 plane
377 3233 489 3290 temere
504 3230 678 3306 procedunt,
693 3228 870 3287 Callimachi
888 3258 925 3268 -
942 3227 1080 3303 quamvis
1096 3227 1218 3286 Homeri

52 3335 160 3393 quoque
184 3320 365 3378 carminibus
394 3319 472 3377 hunc
501 3338 623 3394 operam
649 3337 776 3378 navasse
804 3311 854 3395 (cf.
877 3317 950 3378 ibid.
973 3317 1010 3378 fr.
1030 3309 1106 3395 74⁸)
1126 3318 1218 3390 probe

52 3407 194 3482 cognitum
209 3408 337 3467 habeam
354 3439 391 3448 -
408 3408 465 3466 niti
479 3409 657 3468 auctoritate
672 3408 722 3467 vix
737 3406 912 3466 crediderim
926 3398 977 3486 (cf.
993 3404 1026 3465 C.
1041 3404 1218 3482 Dilthcyum

52 3495 84 3553 de
102 3495 173 3555 Call.
194 3495 319 3573 Cydipp.
341 3499 391 3575 10,
410 3497 447 3556 H.
467 3498 568 3575 Flaoh,
587 3495 662 3556 Eud.
683 3499 714 3556 et
732 3495 813 3558 Suid.
833 3487 900 3576 56).

131 3585 284 3646 Hactenus
308 3587 345 3646 de
368 3585 520 3662 epicorum
542 3589 699 3662 poetarum
722 3585 843 3646 tabulis.
882 3583 1057 3643 Ceterarum
1079 3587 1217 3644 auctores

50 3673 146 3732 rimari
168 3675 201 3733 in
223 3695 364 3750 praesens
383 3675 480 3735 mitto.
522 3673 579 3734 Sed
603 3676 639 3734 de
663 3674 887 3752 Sibyllarum
908 3673 1055 3732 indicibus
1075 3674 1217 3732 nonnulla

50 3763 175 3824 adiciam.
211 3764 332 3823 Etenim
350 3765 385 3826 Ε.
403 3763 503 3823 Maass
524 3758 576 3844 (de
594 3762 699 3840 Sibyll.
718 3764 819 3838 indic,
844 3764 961 3824 dissert.
985 3761 1097 3838 Gryph.
1124 3763 1217 3834 1879,

50 3872 74 3926 p.
85 3855 120 3911 51
135 3845 192 3933 sq.)
207 3854 362 3914 verissime
376 3853 528 3929 perspexit
539 3854 612 3912 duos
623 3854 653 3911 in
664 3852 777 3936 Suidae
787 3853 903 3913 lexicon
916 3851 1094 3926 inmigrasse
1105 3849 1217 3908 iudices

50 3940 234 4018 Sibyllarum,
250 3943 379 4002 alterum
390 3935 632 4002 ‘Varronianum'
646 3936 707 4018 [du
719 3937 865 4018 (ίβυλλαι
876 3973 917 3982 -
931 3934 1033 4017 βιβλία
1043 3932 1072 4011 γ’
1088 3931 1154 4020 (pro
1166 3929 1217 4016 β’),

50 4032 81 4089 οί.
94 4052 121 4107 p.
137 4033 177 4090 32
194 4051 245 4108 sq,
262 4035 301 4092 37
319 4028 389 4108 sq.],
409 4032 539 4090 alterum
554 4031 777 4107 Hesychianum
791 4029 921 4107 Sibyllae
927 4047 1013 4120 guae
1027 4027 1160 4089 carmina
1173 4047 1218 4086 re·

49 4120 195 4196 liquerunt
218 4124 420 4180 recensentem
443 4151 480 4161 —
505 4115 654 4195 [(ίβυλλα
678 4115 803 4195 Δελφίε
827 4151 869 4160 --
894 4113 1013 4194 ὁμοίω(
1036 4111 1217 4195 χρηεμούε],

49 4209 121 4270 inter
146 4229 219 4286 quos
246 4211 379 4286 glossam
407 4209 443 4268 de
468 4208 631 4268 Sambetha
649 4210 761 4268 Iudaea
784 4209 959 4269 vilissimam
983 4224 1048 4266 esse
1072 4205 1218 4265 insertam

49 4293 89 4376 [ί.
109 4293 252 4358 Χαλδαία
268 4331 309 4340 -
324 4294 355 4360 οἱ
374 4294 506 4375 χρητμοὶ
525 4292 645 4377 ohtric}
678 4298 869 4375 Hesychiana
886 4317 957 4359 vero
975 4296 1089 4373 tabula,
1109 4296 1141 4355 in
1159 4314 1217 4373 qua

96 4409 185 4450 Daub.
989 4400 1005 4448 2
