2878 4726
314 126 355 180 De
374 126 477 181 Suidas
495 126 740 198 biographioorum
759 130 867 200 origine
886 133 915 186 et
931 133 994 186 fide.
1198 133 1241 199 29

157 293 272 363 Quibus
282 295 423 370 expositis
433 299 600 356 ceterorum
608 299 903 375 lyricorumtabulae
913 299 972 359 iam
984 301 1105 362 brevius
1116 306 1242 378 possunt

61 383 244 458 percenseri.
292 382 432 443 Ordinem
459 386 599 444 nimirum
628 407 663 446 ex
690 390 868 463 argumento
896 389 1040 448 librorum
1068 391 1241 451 institutum

62 473 181 546 pariter
209 473 458 548 deprehendimus
481 475 511 532 in
534 475 631 536 indice
655 496 678 536 s.
702 473 912 551 (ιμαινίδης
935 472 1117 554 Ἰουλιήτης·
1136 527 1142 539 .
1164 525 1170 538 .
1190 478 1241 540 καὶ

61 557 245 634 γέγραπται
270 557 357 640 αὐτῷ
376 559 499 637 Δωρίδι
519 563 673 644 διαλέκτῳ
697 563 716 640 ἡ
738 563 901 641 Καμβύςου
921 564 971 625 καὶ
990 564 1132 642 Δαρείου
1158 570 1239 644 βαςι-

63 646 138 710 λεία
166 647 217 709 καὶ
241 647 363 725 Ξέρξου
392 649 563 726 ναυμαχία·
593 651 644 713 καὶ
671 651 690 729 ἡ
718 649 774 715 ἐπ>
797 649 978 734 Ἀρτεμιςίῳ
1006 654 1166 731 ναυμαχία
1196 653 1241 718 δι’

63 735 219 814 ἐλεγείας,
239 733 305 815 ἡδ’
321 737 357 800 ἐν
376 737 527 816 (αλαμῖνι
543 741 686 818 μελικῶς,
706 745 824 819 θρῆνοι,
844 740 991 819 ἐγκώμια,
1012 742 1240 822 ἐπιγράμματα,

63 829 208 903 παιᾶνες,
228 826 279 888 καὶ
297 827 470 909 τραγῳδίαι
489 829 539 891 καὶ
559 826 650 893 ἄλλα.
689 833 802 894 Tamen
820 852 877 892 non
899 834 971 894 satis
990 836 1101 895 iustam
1121 856 1239 896 oausam

64 919 200 995 dispicio,
221 938 273 978 our
287 919 436 995 Bergkius
451 921 498 999 (P.
513 922 546 980 L.
562 921 598 982 G.
614 914 667 998 3ρ.
684 916 784 1002 1145)
804 942 863 981 una
880 941 947 981 cum
967 923 1164 1002 Bernhardyo
1184 928 1241 987 ele-

64 1010 135 1085 giae
153 1005 172 1082 ἡ
190 1004 352 1083 Καμβύςου
369 1041 409 1050 -
427 1006 566 1085 βαςιλεία
583 1032 691 1072 nomen
705 1031 804 1071 errore
820 1011 929 1070 Suidas
942 1017 1046 1072 natum
1061 1033 1126 1074 esse
1142 1016 1238 1091 opine-

65 1104 130 1174 tur,
154 1117 222 1157 cum
241 1097 399 1157 Simonidis
418 1103 517 1159 aetate
537 1099 700 1177 Cambyses
720 1104 750 1160 et
769 1101 885 1160 Dareus
903 1103 1105 1177 regnaverint.
1141 1106 1242 1165 Verba

65 1187 173 1246 deinde
199 1183 292 1261 καὶὴ
318 1181 373 1247 ἐπ’
396 1182 576 1268 Ἀρτεμιςίῳ
600 1185 759 1264 ναυμαχία
787 1210 822 1250 ex
845 1190 994 1250 lludooiae
1019 1192 1127 1252 violeto
1151 1195 1240 1270 volgo

66 1278 210 1353 supplent
229 1269 279 1354 (cf.
300 1276 408 1354 Bergk.
427 1279 447 1340 l.
462 1271 505 1359 l),
526 1281 577 1338 sed
596 1281 695 1339 nescio
714 1299 753 1337 an
772 1279 868 1355 magis
889 1282 1101 1345 commendetur
1119 1283 1241 1343 Waohs·

65 1367 175 1426 muthii
198 1367 368 1426 coniectura
390 1368 488 1427 locum
511 1369 553 1428 sic
576 1369 813 1428 reconcinnantis
838 1362 977 1441 εΞέρξου
1002 1368 1195 1447 ναυμαχίαι,
1218 1371 1237 1448 ἡ

66 1450 128 1516 ἐπ’
148 1451 233 1530 Ἀρτ.
254 1455 396 1531 μελικῶς,
415 1453 434 1530 ἡ
455 1452 487 1516 δ’
501 1454 537 1518 ἐν
552 1454 624 1520 (αλ.
640 1452 684 1517 δι’
698 1451 866 1529 ἐλεγείας’;
891 1461 972 1517 reete
992 1461 1071 1519 enim
1090 1461 1240 1538 Bergkius

66 1566 171 1606 vocum
191 1543 325 1619 μελικῶς
345 1549 375 1605 et
394 1541 437 1604 δι’
456 1543 600 1619 ἐλεγείας
619 1549 719 1607 sedem
734 1548 812 1606 huno
830 1547 862 1605 in
875 1547 997 1607 modum
1011 1553 1239 1624 permutandam

68 1656 132 1696 esse
146 1636 231 1708 vidit,
246 1654 312 1693 cum
323 1635 511 1714 Bernhardyi
522 1629 597 1716 (vid
604 1638 642 1696 ad
653 1628 749 1716 Suid.)
765 1637 914 1696 sententia
927 1656 1049 1712 prorsus
1065 1640 1177 1698 reicula
1193 1642 1240 1701 sit.

67 1727 110 1784 At
123 1725 201 1784 idem
213 1725 277 1783 iure
289 1725 412 1783 titulum
426 1722 600 1806 τραγῳδίαι
614 1728 646 1785 in
661 1725 856 1802 suspitionem
870 1727 988 1786 vocavit
1001 1730 1145 1806 tanquam
1159 1750 1240 1790 mero

66 1818 221 1876 coemento
242 1817 372 1874 enatum.

155 1904 214 1964 Sed
234 1905 271 1962 ad
289 1903 459 1963 litterarum
478 1904 611 1964 ordinem
630 1907 822 1964 recensentur
845 1903 959 1980 scripta
982 1925 1004 1966 s.
1023 1903 1239 1980 Παρθένιος..

67 1990 286 2067 ἐλεγειοποιὸς
301 1990 352 2052 καὶ
367 1991 491 2069 μέτρων
507 1990 674 2070 διαφόρων
690 1990 821 2067 ποιητής
836 2038 842 2050 .
859 2036 866 2051 .
881 1987 1004 2068 ἔγραψε
1020 1990 1068 2055 δι’
1083 1993 1241 2069 ἐλεγείας·

67 2079 124 2162 (sic
136 2084 247 2160 optime
258 2083 429 2144 emendavit
440 2083 637 2144 Schneiderus
648 2083 770 2154 Callll,
782 2084 833 2156 32,
848 2082 883 2141 cf.
893 2083 1043 2144 Waohsm.
1055 2085 1155 2162 Symb.
1168 2090 1240 2156 152,

67 2179 98 2233 et
116 2177 177 2233 not.
197 2176 254 2246 44,
273 2192 339 2230 cum
359 2175 448 2250 volgo
469 2174 629 2233 exhibeant
648 2162 679 2231 d'
702 2164 860 2252 ἐλεγείας)
881 2161 1086 2249 Ἀφροδίτην,
1107 2164 1240 2251 Ἀρήτης

67 2261 261 2338 ἐπικήδειον,
282 2251 413 2336 Ἀρήτης
439 2258 598 2337 ἐγκώμιον
622 2256 674 2342 (de
698 2261 806 2338 quibus
831 2261 867 2320 cf.
892 2263 1019 2325 Meinek.
1043 2265 1130 2324 Anal.
1154 2265 1239 2326 Alex.

66 2373 93 2428 p.
110 2355 173 2412 259
190 2345 258 2429 sq.),
277 2349 327 2410 καὶ
342 2345 424 2411 ἄλλα
439 2347 555 2425 πολλά,
574 2352 683 2428 quibus
698 2349 840 2428 plenioris
855 2353 977 2412 tabulae
992 2374 1027 2412 ex
1041 2354 1239 2421 bibliothecae

67 2443 202 2517 catalogo
221 2441 335 2517 petitae
353 2441 474 2500 initium
493 2444 644 2502 servatum
664 2444 720 2501 est.
756 2439 884 2499 Videtur
907 2445 1009 2501 autem
1034 2443 1086 2519 qui
1103 2443 1238 2502 tabulam

67 2531 194 2592 confecit
213 2531 346 2606 singulos
369 2532 481 2608 elegias
504 2531 634 2606 primum
658 2547 848 2589 enumerasse
866 2527 947 2590 κατὰ
966 2531 1124 2605 ςτοιχεῑον
1143 2532 1240 2608 dispo-

67 2621 155 2694 sitas,
176 2621 245 2680 dein
264 2623 364 2679 cetera
382 2623 488 2696 poetae
507 2621 638 2679 carmina
658 2613 756 2700 (velut
774 2612 946 2700 Ἐρωτικὰ),
966 2640 1042 2697 quae
1061 2620 1168 2680 Suidas
1192 2623 1240 2680 de-

68 2711 197 2771 scribere
215 2710 320 2768 noluit.
357 2710 534 2769 Accedimus
554 2711 591 2769 ad
606 2711 737 2785 glossam
753 2727 776 2766 s.
792 2703 1026 2783 Μίμνερμος,
1047 2729 1124 2785 quae
1142 2712 1239 2771 indice

67 2819 137 2859 sane
163 2799 270 2858 orbata
294 2799 369 2859 haec
396 2801 489 2860 verba
514 2800 546 2857 in
568 2800 648 2858 calce
671 2799 808 2876 praebet:
838 2794 962 2872 ἔγραψε
989 2795 1091 2874 βιβλία
1118 2800 1239 2860 ταῦτα

67 2883 186 2949 πολλάε
205 2907 282 2964 quae
300 2890 436 2964 quamvis
456 2889 632 2948 difficillima
649 2888 801 2964 plerisque
820 2890 884 2948 visa
903 2889 971 2962 sint,
990 2907 1038 2947 res
1057 2892 1159 2948 tamen
1173 2890 1240 2964 ipsa

67 2979 224 3054 perspicua
247 2981 293 3036 est
318 2970 369 3057 (oi.
384 2979 542 3038 Westerm.
562 2976 714 3052 Βιογραφ.
739 2997 767 3052 p.
790 2980 867 3050 110,
890 2979 941 3052 qui
964 2978 1063 3038 varias
1086 2977 1238 3053 opiniones

67 3060 241 3147 congessit).
281 3067 429 3126 Nimirum
455 3069 571 3143 largam
600 3068 736 3125 tabulam
757 3064 872 3142 liquido
895 3062 1042 3145 indicant,
1065 3085 1154 3142 quam
1174 3066 1237 3125 Sui·

68 3159 119 3216 das
149 3158 212 3216 sive
235 3155 351 3215 librarii
376 3158 440 3216 eius
459 3157 628 3215 describere
647 3156 806 3215 noluerint.
842 3157 1020 3233 Dionysium
1043 3174 1126 3228 vero,
1150 3157 1238 3215 credo

68 3247 158 3306 etiarn
177 3245 376 3322 Hesychium,
401 3248 522 3322 plenum
540 3246 667 3309 indicem
687 3244 856 3306 exhibuisse
874 3265 928 3305 nee
946 3265 1006 3305 non
1024 3245 1116 3306 verba
1137 3240 1238 3320 βιβλία

67 3336 167 3396 ταῦτα
179 3326 316 3416 (πολλά)
327 3335 445 3394 dedisse
455 3335 528 3393 mihi
543 3335 680 3410 equidem
694 3353 871 3411 persuasum
885 3338 943 3395 est:
963 3353 1040 3412 quae
1054 3353 1121 3393 cnm
1135 3334 1239 3393 tabula

66 3444 126 3485 non
145 3425 262 3483 adiecta
279 3425 360 3482 haud
379 3426 452 3484 satis
472 3427 543 3500 apta
560 3425 743 3497 viderentur,
761 3426 793 3483 in
811 3425 959 3484 Eudociae
978 3424 1103 3484 violario
1118 3422 1239 3482 Suidas-

66 3534 124 3591 que
150 3514 264 3589 aliquot
288 3513 374 3572 libris
400 3534 457 3574 vox
480 3513 580 3574 ταῦτα
606 3515 769 3590 prudenter
795 3515 904 3574 omissa
928 3517 982 3573 est
1019 3511 1077 3571 Sed
1101 3512 1239 3588 displicet

66 3605 170 3680 utique
189 3602 370 3661 Volkmanni
391 3595 444 3685 (ΙΙ,
466 3605 527 3662 727
548 3596 606 3683 sq.)
626 3604 782 3678 explicatio
808 3623 843 3663 eu
861 3603 924 3663 vita
941 3601 1112 3660 Mimnermi
1134 3601 1239 3660 carmi-

66 3695 155 3753 nibus
173 3692 306 3768 praefixa
324 3693 398 3752 talia
416 3693 536 3751 fluxisse
556 3693 717 3767 censentis3
738 3713 814 3768 quae
834 3694 860 3752 si
877 3710 949 3751 vera
968 3694 1060 3767 esset,
1080 3689 1138 3748 dici
1156 3688 1239 3749 certe

66 3782 183 3842 debuit:
204 3775 327 3854 ἔγραψε
344 3777 446 3856 βιβλία
464 3781 564 3839 ταῦτα
584 3778 634 3841 καὶ
654 3775 736 3840 ἄλλα
750 3776 865 3841 πολλά.
898 3781 961 3839 Neo
978 3780 1094 3839 felioiua
1108 3778 1238 3854 Berghio

65 3893 112 3932 res
133 3870 225 3930 cessit
242 3871 334 3929 verba
352 3872 406 3929 illa
420 3870 529 3928 Suidae
544 3866 793 3944 αὐτοςχεδίαςμα
808 3890 874 3931 esse
889 3869 1062 3946 simpliciter
1081 3868 1239 3944 statuenti;

65 3967 235 4021 ceterorum
255 3963 356 4019 autem
375 3959 527 4036 opiniones
545 3960 605 4020 iam
624 3961 843 4020 aVolhmanno
858 3960 1026 4020 confutatas
1042 3956 1160 4017 silentio
1174 3977 1239 4032 pre-

63 4071 146 4110 mere
160 4052 306 4125 praestat.
334 4049 439 4124 Nuper
453 4049 579 4123 denique
594 4048 673 4108 Gnil.
684 4050 824 4126 Meyerus
835 4043 925 4129 (Mus.
938 4049 992 4108 Rh.
1004 4068 1032 4105 n.
1040 4045 1149 4117 XXIII,
1161 4040 1238 4123 691)

63 4139 199 4201 τοιαῦτα
210 4138 305 4196 suasit
320 4157 443 4214 eamque
458 4156 561 4196 vocem
576 4139 614 4196 ad
628 4134 761 4212 ἐμμελὲς
776 4136 826 4198 καὶ
841 4135 912 4210 λιγύ
923 4137 1027 4196 referri
1037 4137 1134 4212 iussit,
1148 4155 1239 4211 quam

62 4231 268 4290 coniecturam
286 4229 352 4287 ideo
371 4227 507 4303 reprobo,
526 4229 605 4320 quod
620 4228 678 4287 duo
694 4230 850 4288 enuntiata
863 4228 918 4287 tali
934 4246 1010 4286 nexu
1026 4227 1165 4302 copulare
1180 4244 1240 4284 non

61 4319 184 4380 adsolet
212 4315 321 4378 Suidas
351 4309 398 4399 (at
424 4317 515 4391 paulo
543 4317 631 4376 aliter
659 4336 707 4376 res
740 4337 771 4377 se
800 4318 890 4378 habet
918 4317 949 4376 in
976 4317 1016 4394 gl.
1045 4310 1181 4378 Εὔδοξος
1205 4359 1237 4376 ..
