2878 4726
195 94 237 156 14
705 93 738 147 A.
757 91 850 146 Denb=

193 281 292 321 mann.
313 262 342 338 Ι,
362 261 626 337 aasq.,11,724‚
651 259 857 322 Wachsmuth.
875 259 983 322 Philol.
1002 255 1086 336 XVI,
1102 262 1164 322 662
1183 281 1239 338 sq.,
1264 259 1367 336 Symb.

193 369 221 428 p.
243 353 319 426 148,
350 349 385 410 U.
409 351 445 409 de
466 349 739 423 Wilamowitzium,
768 349 855 409 Anal.
880 350 984 425 Eurip.
1005 353 1065 409 131
1086 342 1153 428 44).
1194 351 1230 410 14
1255 349 1368 410 Snidae

192 445 295 500 tamen
312 440 423 500 tabulis
442 440 473 498 id
491 440 650 517 praecipue
668 439 755 500 nobis
773 439 922 516 agendum
946 442 1006 511 est,
1031 441 1066 498 ut
1090 439 1225 500 ordinem
1248 443 1368 515 pertur-

193 531 297 589 batum
316 529 414 606 quoad
434 529 497 590 eius
515 529 581 588 fieri
598 529 695 605 possit
712 529 907 589 restituamus
927 531 958 588 et
975 528 1141 588 recentiora
1160 530 1368 590 additamenta

192 637 368 680 resecemus.
406 617 471 688 Qua
498 619 547 680 via
573 619 758 694 procedendo
786 618 932 695 genuinas
964 611 1108 678 πινάκων
1135 619 1255 678 tabulas
1283 618 1367 694 ipsas

137 749 144 766 .
192 708 478 784 redintegrabimus,
502 726 629 784 quarum
648 708 721 768 haee
740 707 902 784 siugrdaris
921 708 1018 768 virtus
1038 710 1097 780 est,
1121 709 1199 783 quod
1223 729 1259 768 ea
1283 709 1368 766 dum-

192 801 277 857 taxat
299 816 375 874 quae
400 797 544 858 incertis
568 797 757 874 bibliothecis
781 798 843 857 sire
867 796 1070 856 Alexandrina
1094 797 1157 856 sive
1180 798 1369 873 Pergamena

194 888 257 948 sive
281 887 347 970 aliis
372 888 506 946 conlecta
530 889 616 946 erant
638 887 789 947 volumina
814 886 921 962 respici
940 887 1036 946 solent
1062 877 1113 966 (cf.
1133 887 1255 948 Usener.
1280 888 1369 946 Anal.

193 977 427 1052 ’1444414424Ι
472 1013 473 1016 =
994 1051 996 1054 Ι

280 1065 326 1126 Ac
339 969 555 1140 troptedturwm
568 1066 688 1141 quidem
701 1066 823 1126 tabulas
838 1065 864 1124 si
877 1066 1104 1142 perlustramus,
1118 1067 1251 1126 ordinem
1264 1067 1369 1142 alpha-

194 1155 324 1214 beticum
343 1156 495 1231 integrum
515 1157 667 1215 servatum
681 1155 835 1228 habemus,
855 1155 885 1213 id
905 1155 983 1230 quod
1002 1154 1062 1214 iam
1075 1155 1284 1216 Volkmannus
1303 1175 1370 1232 per-

194 1244 291 1320 spexit
309 1239 349 1323 (1,
365 1247 405 1304 29
422 1239 489 1325 sq.),
509 1264 532 1304 s.
546 1265 575 1304 v.
589 1241 749 1318 Διογένη(
768 1241 787 1318 ἢ
808 1239 968 1318 Οἰνόμαοε
987 1239 1084 1319 (cuius
1104 1245 1139 1304 de
1159 1244 1270 1304 fabulis
1289 1265 1369 1304 nunc

191 1334 260 1393 vide
289 1334 492 1410 disputantem
519 1334 669 1393 Rohdium
689 1333 840 1394 Μ44.1114
860 1354 888 1392 n.
910 1333 1052 1410 XXXIV,
1075 1327 1168 1413 620),
1198 1331 1365 1408 Κλεοφῶν,

194 1417 383 1498 Λυκόφρων,
402 1420 568 1497 Φιλοκλῆς,
588 1422 695 1498 quibus
714 1422 959 1482 Waohsmuthius
979 1413 1011 1502 (l.
1031 1424 1050 1483 l.
1068 1443 1096 1498 p.
1114 1417 1190 1502 150)
1208 1423 1366 1483 verissime

192 1512 309 1572 addidit
331 1513 459 1572 indicem
482 1514 534 1588 qni
557 1515 640 1572 extat
665 1532 687 1572 s.
713 1507 890 1586 (uivdnpor
913 1531 932 1569 a
949 1511 1136 1572 Volkmanno
1160 1505 1198 1591 (Ι,
1217 1505 1274 1594 34)
1297 1533 1366 1588 pcr-

192 1621 294 1678 peram
319 1603 507 1678 explicatum.
547 1601 584 1660 In
602 1601 807 1678 Lycophronis
830 1621 900 1662 vero
923 1602 1028 1661 tabula
1050 1602 1080 1660 id
1104 1603 1191 1662 velim
1218 1602 1367 1662 adtendas

190 1692 361 1768 tragoedias
389 1695 510 1752 tantum
537 1690 707 1750 litterarum
736 1691 869 1750 ordinem
896 1693 998 1750 tenere
1026 1682 1077 1771 (cf.
1102 1690 1248 1752 Weloker.
1274 1692 1366 1769 Trag.

191 1775 466 1863 44141444),
495 1801 562 1840 cum
586 1799 705 1840 carmen
735 1780 813 1857 quod
838 1780 1008 1840 Alexandra
1031 1780 1204 1840 inscribitur
1228 1799 1366 1840 seorsum

191 1869 355 1929 exhibitum
383 1871 432 1930 sit.
476 1870 539 1940 Que
566 1889 599 1929 re
627 1871 757 1946 optimae
781 1872 869 1928 notae
893 1888 958 1928 esse
984 1870 1209 1945 tragoediarum
1236 1870 1367 1930 indicem

189 1960 341 2035 probatur.
383 1960 460 2020 Dein
483 1959 624 2020 Philoclis
648 1960 818 2019 fabularum
841 1960 963 2034 plenum
987 1960 1157 2036 catalogum
1181 1962 1366 2036 excerpsisse

189 2052 308 2109 tantum
318 2048 441 2108 Suidam
451 2050 590 2109 docemur
601 2049 701 2108 verbis
717 2043 775 2108 ‘dlv
789 2039 853 2108 ἑετι
867 2045 932 2107 καὶ
946 2042 1078 2108 ταῦτα’
1093 2043 1166 2128 (qua
1176 2051 1211 2108 de
1221 2051 1367 2126 loquendi

188 2139 304 2198 ratione
322 2139 402 2198 infra
421 2132 556 2218 agetur),
580 2158 647 2198 cum
670 2139 708 2198 ab
726 2138 756 2196 H
775 2139 894 2197 demum
917 2139 1021 2199 littera
1044 2138 1164 2198 initium
1181 2140 1309 2218 faceret,
1332 2142 1365 2200 in

191 2228 270 2288 calce
299 2229 404 2288 titulos
430 2229 589 2288 manifesto
617 2228 783 2300 omitteret,
810 2228 895 2286 velut
920 2227 1134 2288 Pandionidem
1163 2222 1213 2310 (cf.
1236 2229 1365 2306 Kayser,

189 2317 269 2376 Hist.
288 2337 327 2377 er.
346 2321 423 2395 trag.
443 2316 494 2378 Gr.
514 2319 555 2376 54
572 2341 613 2364 =
629 2316 723 2378 Schol
744 2318 795 2377 Ar.
813 2315 870 2376 Ar.
891 2311 978 2397 282).

278 2407 370 2466 Porro
397 2407 621 2484 tragoediarum
647 2407 781 2466 ordinem
808 2406 1029 2482 alphabeticum
1052 2407 1246 2467 obscuratum
1270 2408 1365 2468 Volk-

188 2515 314 2555 mannus
334 2488 373 2576 (Ι,
393 2500 435 2557 30
455 2489 513 2572 44.)
530 2496 563 2554 in
580 2497 732 2572 integrum
750 2495 886 2554 restituit
905 2515 928 2554 s.
946 2517 973 2557 v.
994 2489 1247 2572 ’Auclhdhurpoc,
1270 2493 1365 2558 Νικό-

189 2601 298 2662 μαχος,
317 2581 508 2661 Τιμηείθεοε,
528 2585 645 2644 etiamsi
664 2585 700 2644 de
720 2584 822 2644 multis
841 2586 931 2644 rebus
951 2586 1064 2662 ambigi
1082 2588 1196 2662 potest3
1224 2588 1366 2648 tabulam

190 2675 316 2750 denique
341 2695 362 2736 s.
387 2671 546 2749 Φρύνιμρ(
570 2675 695 2734 eandem
718 2693 789 2749 prae
814 2693 845 2734 44
869 2675 947 2734 ferre
966 2676 1096 2736 indolem
1114 2675 1365 2738 Wachsmuthius

191 2757 224 2842 (1.
245 2764 265 2822 l.
286 2765 358 2841 150,
380 2756 456 2845 151)
477 2764 625 2841 sagaciter
642 2765 802 2839 perspexit.

278 2852 360 2922 Quae
378 2855 500 2913 tabulae
518 2873 584 2913 cum
599 2853 657 2913 fide
671 2853 861 2930 dignissimae
877 2854 945 2930 sint,
965 2855 1122 2930 Thespidis
1136 2856 1366 2932 tragoediarum

187 2941 315 3016 indicem
330 2949 366 3002 ne*
375 2943 458 3003 flocci
468 2944 588 3019 quidem
597 2942 765 3002 faciendum
776 2961 840 3002 esse
848 2935 899 3022 ¹²³)
909 2943 969 3001 iam
981 2944 1101 3004 Bentlei
1111 2939 1276 3022 (Phalarid.
1287 2949 1365 3025 271,

109 3107 111 3112 Α
186 3031 310 3106 interpr.
328 3026 429 3112 Ribb.)
454 3051 578 3092 acumen
596 3032 745 3091 intellexit
764 3027 813 3110 (cf.
833 3032 1011 3093 Volkmann.
1026 3033 1049 3106 Ι,
1070 3026 1135 3113 34).
1173 3034 1237 3094 Hoo
1256 3037 1365 3096 temen

186 3120 341 3180 diiudicari
359 3122 472 3197 nequit,
490 3126 592 3181 utrum
606 3121 768 3198 Dionysius
783 3121 932 3199 Hesychia
947 3122 1082 3182 tabulam
1097 3118 1298 3199 suppeditarit
1319 3145 1359 3185 an

185 3209 234 3268 hic
252 3211 301 3269 vel
320 3208 427 3270 Suidas
446 3210 566 3290 aliunde
585 3210 791 3271 delibaveriut.
829 3212 928 3270 Unum
948 3213 1147 3271 certissimum
1172 3217 1218 3273 est
1237 3213 1362 3276 fabulas

187 3318 204 3357 a
224 3297 315 3358 Suida
333 3303 521 3360 enumeratas
546 3292 842 3380 (μνημονεύεται
865 3298 900 3360 δὲ
925 3300 990 3361 τῶν
1010 3297 1239 3383 δραμάτων..)
1259 3304 1290 3362 in
1311 3301 1365 3364 πί-

186 3403 285 3447 νακα(
302 3401 455 3466 nunquam
472 3389 564 3449 fuisse
582 3391 708 3465 relatas,
733 3391 812 3466 quod
834 3391 955 3468 quidem
972 3393 1021 3450 vel
1039 3409 1112 3450 usus
1135 3393 1220 3452 verbi
1239 3409 1364 3468 μνημο-

185 3472 291 3537 νεύειν
310 3497 328 3537 4
347 3479 551 3555 catalogorum
569 3498 705 3539 sermone
723 3480 915 3540 remotissimi
932 3481 1045 3558 liquido
1064 3482 1183 3542 indicat.

275 3566 353 3626 Dein
365 3569 576 3628 comoediarum
588 3569 710 3628 tabulae
724 3570 827 3645 quales
841 3589 919 3628 nunc
933 3571 1124 3646 reperiuntur
1139 3571 1218 3646 apud
1236 3571 1366 3633 Suidam

186 3655 296 3730 partim
316 3675 351 3716 ex
368 3657 473 3732 priscis
492 3677 526 3716 44
544 3658 675 3733 limpidis
694 3658 828 3718 fontibus
846 3658 997 3718 fluxerunt
1022 3661 1133 3734 partim
1155 3679 1192 3719 ex
1210 3660 1366 3723 Athenaei

186 3745 271 3803 libris
298 3747 447 3806 conlectae
476 3749 554 3807 sunt.
596 3747 660 3816 Quo
685 3747 721 3806 de
745 3749 839 3808 altero
867 3748 997 3808 indicum
1024 3768 1134 3826 genere
1161 3750 1242 3808 haud
1270 3751 1368 3812 dubie

188 3832 297 3894 Suidae
329 3834 422 3910 ipsius
455 3855 545 3894 manu
579 3837 781 3896 confectorum
812 3837 1003 3914 peculiariter
1034 3839 1112 3898 insra
1140 3839 1366 3922 disputabitur3

190 3956 402 3964 *ᾖ

262 4005 312 4074 ¹²⁸)
332 4005 416 4060 Cuius
434 4007 642 4076 tragoediarum
666 4011 695 4062 et
717 4008 815 4063 titulos
839 4011 869 4062 et
890 4010 1051 4079 fragmenta
1073 4011 1231 4066 Heraclidis
1251 4014 1369 4074 Pontici

188 4077 234 4146 (41.
253 4077 346 4130 Laert.
366 4077 397 4144 V,
417 4079 465 4147 92)
490 4077 581 4133 fraudi
605 4079 700 4134 deberi
722 4080 797 4134 idem
816 4080 960 4136 Bentleius
984 4081 1126 4136 subtiliter
1150 4083 1281 4140 ostendit.
1320 4090 1368 4146 De

187 4147 271 4202 huius
290 4164 356 4203 vero
376 4165 459 4218 opere
480 4150 554 4218 quod
573 4155 718 4218 ευναγωγή
743 4157 801 4206 τῶν
821 4153 850 4206 ἐν
869 4159 904 4220 τῇ
924 4160 1037 4222 uouerat]
1057 4155 1300 4227 (διαλαμψάντων)
1320 4161 1368 4214 14-

188 4219 319 4273 scribitur
342 4221 424 4275 44414
448 4239 536 4291 nuper
559 4221 692 4277 disseruit
714 4222 851 4294 Berghius
876 4225 957 4294 (Hist.
976 4225 1031 4280 litt.
1051 4225 1097 4280 Gr.
1118 4227 1139 4294 I,
1158 4233 1211 4282 404
1230 4232 1299 4298 sq.)‚
1328 4234 1368 4291 cf.

187 4290 261 4344 Plut.
281 4291 314 4346 de
333 4309 404 4349 mus.
423 4291 470 4360 Ill,
491 4310 517 4362 p.
539 4299 607 4347 1132
619 4294 650 4362 d,
670 4295 699 4349 et
716 4293 775 4348 arc.
796 4295 967 4352 Volkmanni
985 4297 1080 4352 adnot.
1099 4315 1125 4367 p.
1145 4303 1187 4352 59.
