2878 4726
195 79 238 142 24
699 77 731 130 A.
750 73 844 130 Daubr

196 247 291 308 enitet
307 245 578 307 tabula'ditissima
598 263 620 303 s.
639 239 833 317 Πίνδαροι
852 289 859 303 .
879 287 885 300 .
906 237 1029 316 ἔγραψε
1052 235 1086 300 δ’
1109 238 1145 302 ἐν
1170 236 1302 317 βιβλίοις
1331 231 1379 301 ιζ’

197 330 321 410 Δωρίδι
346 332 501 412 διαλέκτῳ
524 333 638 393 ταῦτα·
668 327 759 413 (quae
783 351 861 392 nunc
887 324 1125 412 enumerantur):
1154 331 1251 407 quade
1277 349 1379 406 quan-

196 445 287 501 quam
305 425 391 484 docte
411 425 442 483 et
461 423 608 500 sagaciter
626 424 661 481 ut
679 422 796 482 adsolet
813 441 910 496 nuper
928 420 1094 496 disputarit
1107 420 1255 496 Bergkius
1271 415 1377 496 (Post.

197 514 269 591 hyr.
289 512 338 572 Gr.
357 503 399 592 ΙΙ,
419 514 481 572 367
503 506 574 592 sq.),
598 515 699 571 tamen
724 511 823 570 omnia
845 510 977 569 nondum
1001 510 1039 568 ad
1062 510 1209 585 liquidum
1227 510 1379 585 perducta

197 604 345 664 videntur.
384 601 441 661 Sed
456 604 552 660 totam
566 601 701 660 tabulam
716 600 892 676 singillatim
907 600 1076 658 examinare
1090 600 1168 674 nolo,
1187 599 1277 658 immo
1296 599 1377 656 satis

197 693 292 752 habeo
316 691 441 768 Bergkii
455 691 644 750 sententiam
669 690 716 748 hic
744 690 805 748 illio
829 689 878 749 rel
904 689 1076 748 emendasse
1102 689 1151 748 rel
1177 688 1378 764 supplevisse.

198 783 311 841 Extant
329 801 400 841 vero
415 782 491 840 duae
506 781 671 839 carminum
685 779 909 838 Pindaricorum
923 779 1120 857 recensiones,
1139 797 1266 854 quarum
1280 796 1378 838 unam

200 871 321 931 exhibet
345 869 450 929 Suidas
479 862 542 948 (rel
567 871 603 927 ut
630 869 739 928 rectius
767 868 863 927 dicam
892 868 955 927 eius
984 860 1111 946 fontes),
1139 869 1265 926 alteram
1291 869 1378 927 vitae

198 960 322 1019 Pindari
341 953 386 1038 (in
404 960 467 1020 eod.
486 959 625 1033 Vratisl.,
649 958 686 1019 cf.
704 957 862 1016 Westerm.
882 957 982 1034 Biogr.
1002 977 1031 1033 p.
1051 958 1102 1033 98,
1122 959 1164 1016 43
1184 949 1242 1038 sq.)
1268 961 1379 1017 auctor

197 1052 288 1126 atque
297 1049 477 1108 Eustathius
489 1040 726 1120 (vidwestenn.
737 1048 757 1104 l.
767 1048 786 1108 l.
796 1067 825 1123 p.
837 1049 887 1122 96,
900 1049 941 1106 70
952 1065 1004 1122 sq.‚
1013 1046 1122 1122 Bergk.
1136 1047 1154 1105 l.
1163 1047 1182 1105 l.
1191 1067 1219 1122 p.
1229 1048 1292 1106 367
1304 1040 1378 1127 sq.).

200 1138 284 1209 Quae
303 1157 370 1197 cum
388 1139 432 1197 ita
451 1138 511 1196 sint
529 1137 663 1212 quaestio
683 1137 778 1194 oritur
796 1136 987 1211 gravissima,
1011 1138 1080 1194 utra
1098 1136 1207 1194 harum
1226 1137 1378 1196 recensio-

199 1248 272 1287 num
289 1227 485 1288 vetustiorem
499 1227 610 1285 habeat
623 1226 778 1302 originem.
806 1225 850 1284 Ac
865 1224 1032 1284 Boeckhius
1048 1225 1167 1300 quidem
1182 1217 1280 1298 (Pind.
1296 1223 1378 1302 Opp.

200 1316 240 1392 ΙΙ,
257 1319 283 1390 2,
301 1318 363 1377 553
376 1307 433 1396 sq.)
455 1315 631 1374 Suidianum
648 1315 774 1374 indicem
793 1315 988 1374 recentiorem
1003 1333 1129 1390 eumque
1144 1316 1182 1374 ab
1198 1314 1378 1374 Aristarcho

133 1393 143 1412 ’
200 1407 369 1483 profectum
388 1424 453 1465 esse
473 1407 581 1477 censet,
599 1403 796 1479 Aristophani
809 1407 910 1464 autem
924 1403 1066 1480 Byzantio
1086 1405 1214 1463 alterum
1233 1405 1379 1483 vindicat,

201 1515 290 1573 quem
314 1495 435 1554 Pindari
464 1495 595 1553 carmina
620 1494 749 1569 primum
775 1495 807 1552 in
832 1493 965 1552 ordinem
991 1494 1143 1570 redegisse
1169 1494 1285 1553 statuit.
1333 1495 1379 1553 At

205 1585 447 1645 Schneidewinus
468 1577 566 1662 (Pind.
586 1583 684 1642 Carm.
703 1584 748 1643 ed.
762 1582 1095 1642 Dissen-Sehneidewin.
1110 1582 1131 1656 Ι,
1146 1603 1175 1658 p.
1188 1576 1300 1663 XCVI)
1320 1605 1378 1660 pro

202 1674 370 1733 Aristarchi
388 1674 506 1732 nomine
523 1671 738 1732 Callimachum
753 1671 918 1745 substituit,
939 1674 1071 1731 ceterum
1084 1673 1116 1730 in
1130 1673 1227 1732 medio
1242 1673 1377 1751 reliquit,

202 1767 303 1822 utram
331 1762 491 1823 confecerit
518 1762 661 1821 tabulam.
708 1761 799 1821 Cuius
830 1761 998 1837 opinionem
1026 1763 1064 1820 ad
1091 1762 1251 1822 ueritatem
1278 1764 1378 1822 multo

202 1851 328 1929 propius
348 1853 486 1912 accedere
505 1851 610 1928 negari
628 1851 741 1928 nequit.
774 1850 832 1910 Sed
851 1851 999 1927 Bergkius
1018 1852 1132 1927 primus
1152 1843 1186 1931 (l.
1200 1852 1220 1909 l.
1236 1841 1299 1912 396
1317 1845 1378 1932 sq.)

202 1945 339 2002 mutuam
358 1942 437 2000 inter
455 1944 613 2017 utramque
632 1941 834 2000 recensionem
851 1941 997 2000 rationem
1017 1941 1113 2000 acrius
1128 1942 1290 2018 perspexit,
1309 1961 1386 2022 eum·

203 2033 330 2090 alteram
340 2031 536 2106 Aristophani
546 2031 739 2104 adtribueret,
749 2032 945 2091 vetustiorem
954 2049 1019 2090 esse
1033 2032 1163 2106 priorem
1174 2033 1378 2090 contenderet.

203 2121 288 2180 Hanc
311 2123 414 2179 tamen
436 2139 496 2181 non
515 2139 533 2178 a
552 2119 734 2181 Callimacho
758 2120 885 2179 alienam
908 2139 973 2179 esse
998 2121 1054 2179 sibi
1077 2120 1241 2196 persuasit,
1265 2121 1378 2197 quippe

204 2211 255 2288 qui
279 2229 346 2270 cum
368 2209 413 2268 ita
436 2209 582 2287 disposita
598 2210 780 2285 repperisset
802 2212 908 2285 poetae
931 2210 1063 2267 carmina
1086 2209 1176 2268 etiam
1199 2210 1231 2267 in
1254 2211 1377 2270 tabulas

204 2318 273 2360 suas
292 2299 466 2375 recepisset:
486 2298 595 2357 Suidae
612 2317 684 2358 vero
703 2300 856 2358 auctorem
875 2317 910 2358 ex
928 2299 983 2358 hoe
1002 2293 1145 2357 πινάκων
1164 2317 1253 2374 opere
1268 2299 1377 2358 Pinda-

203 2390 332 2449 ricorum
361 2389 525 2448 carminum
551 2388 687 2446 tabulam
715 2387 873 2446 delibasse.
919 2387 983 2446 Nec
1009 2391 1089 2448 recte
1118 2387 1378 2447 Schneidewinum

205 2479 364 2539 coniecisse
379 2497 397 2537 a
411 2477 593 2537 Callimacho
612 2478 705 2537 talem
723 2477 755 2535 in
768 2476 890 2537 Pindari
909 2477 1089 2537 carminibus
1108 2496 1229 2553 operam
1247 2478 1377 2554 positam

206 2587 284 2642 esse,
310 2585 385 2645 quae
408 2567 496 2626 huius
521 2567 628 2626 studiis
652 2567 773 2625 minime
796 2567 980 2645 conveniret,
1003 2571 1038 2625 ut
1062 2567 1190 2643 quinon
1209 2568 1376 2627 carminum

99 2723 101 2726 ,
206 2658 351 2716 editiones
375 2656 586 2733 Aristophanis
610 2656 776 2715 Aristarchi
800 2656 985 2732 aliorumque
1008 2651 1106 2716 instar
1131 2657 1301 2732 paravisset
1327 2659 1379 2717 sed

205 2747 351 2806 librorum
365 2746 476 2804 indices
492 2745 681 2822 confecisset3
702 2764 798 2822 neque
813 2746 931 2806 omniuo
945 2746 1039 2805 fuisse
1053 2749 1286 2805 consentaneum
1300 2767 1379 2807 nova

208 2856 276 2894 eum
295 2835 402 2908 moliri,
421 2853 526 2894 verum
544 2853 592 2894 res
611 2854 629 2893 a
647 2835 810 2893 maioribus
829 2835 955 2894 traditas
975 2835 1078 2895 sedulo
1093 2836 1230 2909 recolere,
1250 2837 1378 2913 denique

205 2926 261 2984 hac
270 2925 441 2984 recensione
451 2927 521 2982 ante
531 2923 746 2983 Callimachum
757 2942 826 2983 usos
837 2943 901 2983 esse
912 2923 1124 2984 Aristoxenum
1134 2925 1377 3001 Theophrastum

206 3013 475 3074 Chamaeleontem.
509 3013 590 3072 Haec
609 3014 728 3089 quidem
743 3012 902 3090 Bergkius.
936 3012 991 3072 Cui
1011 3015 1114 3072 statim
1128 3014 1317 3074 obiciendum
1332 3019 1379 3075 est

206 3103 242 3162 de
257 3101 431 3162 Callimachi
451 3102 678 3161 editionibus
693 3103 741 3162 hic
755 3122 814 3162 non
828 3102 891 3180 agi3
910 3103 937 3162 is
952 3103 1031 3162 enim
1045 3103 1137 3163 libros
1151 3105 1183 3162 in
1196 3103 1379 3164 bibliotheca
1396 3139 1399 3146 ·

209 3195 345 3253 servatos
365 3195 395 3251 et
414 3195 502 3250 antea
522 3192 672 3251 ordinatos
692 3193 723 3250 in
741 3186 875 3251 πίνακα(
894 3211 963 3254 suos
981 3193 1114 3264 rettulit,
1133 3212 1192 3269 qua
1210 3193 1242 3251 in
1260 3213 1293 3252 re
1313 3213 1379 3253 con-

208 3282 399 3341 siderandum
414 3284 460 3340 est
474 3281 570 3340 multa
581 3300 671 3357 opera
685 3281 789 3357 quavis
802 3282 995 3358 inscriptione
1013 3283 1151 3351 caruisse,
1172 3302 1260 3358 quam
1275 3303 1379 3343 eruere

208 3371 327 3429 demum
355 3373 386 3429 et
413 3371 593 3430 constituere
621 3371 725 3429 debuit
754 3369 962 3430 Callimachus.
1008 3371 1088 3448 Ergo
1121 3373 1209 3430 huius
1241 3374 1378 3448 catalogo

207 3460 343 3518 tabulam
370 3459 435 3518 iure
460 3459 694 3535 adsignabimus.
735 3459 948 3519 Recensionem
976 3464 1076 3520 autem
1104 3461 1189 3519 illam
1215 3462 1275 3519 iam
1299 3462 1378 3521 Peri·

208 3549 346 3625 pateticis
364 3549 529 3608 innotuisse
547 3550 611 3609 veri
629 3549 861 3608 dissimillimum
880 3553 926 3609 est
939 3569 1035 3626 neque
1049 3551 1109 3610 ullo
1124 3551 1241 3609 nomine
1256 3550 1378 3627 Bergkii

210 3638 415 3714 explanatione
433 3639 592 3714 probatum
612 3631 653 3713 (p.
674 3641 736 3698 371
753 3631 824 3718 sq.):
843 3639 1074 3715 haudquaquam
1093 3640 1171 3698 enirn
1190 3638 1377 3713 exploratum

212 3731 258 3787 est
275 3728 479 3804 fragmentum
500 3730 562 3788 123
581 3720 721 3808 (Bergk.)
742 3747 776 3786 ex
796 3726 1035 3802 Chamaeleonte‚
1054 3730 1102 3788 vel
1121 3729 1157 3788 fr.
1174 3731 1235 3787 126
1257 3749 1294 3787 ex
1312 3729 1376 3788 Ari-

209 3915 441 3970 Wilamowitzius
465 3916 555 3984 (Anal.
580 3915 674 3985 Eurip.
693 3935 721 3986 p.
743 3918 804 3984 132)
824 3916 857 3969 de
872 3917 1022 3986 lyricorum
1042 3919 1070 3972 et
1088 3918 1243 3972 ceterorum
1262 3918 1375 3988 scripto-

209 4004 271 4040 rum
299 3986 534 4057 disponendorum
562 3989 671 4042 ratione
698 3987 727 4041 in
753 3987 873 4042 medium
903 3989 1033 4056 protulit,
1063 4006 1162 4059 parum
1185 3989 1307 4044 dilucide
1330 3993 1375 4044 aut

210 4057 339 4112 distincte
373 4058 500 4129 exposita
533 4062 597 4114 sunt
628 4077 679 4113 nec
713 4059 825 4114 omnino
858 4059 1049 4129 probabiliter.
1097 4060 1169 4125 Quid
1201 4060 1277 4113 enim
1308 4061 1373 4115 illud

210 4129 299 4184 valet:
330 4129 398 4184 ‘scio
422 4131 490 4199 quid
514 4129 544 4185 in
563 4130 664 4185 Suidae
687 4131 771 4184 fidem
794 4131 1000 4202 infringendam
1023 4149 1079 4186 non
1103 4132 1161 4186 sine
1181 4131 1302 4200 quadam
1320 4135 1375 4187 veri

211 4201 302 4270 specie
322 4201 431 4256 obverti
448 4203 562 4272 possit,'
583 4202 629 4257 vel
648 4201 752 4257 similia
771 4220 842 4272 quae
860 4220 911 4274 pro
930 4203 1083 4273 exploratis
1101 4203 1259 4258 venditavit
1277 4203 1320 4258 vir
1336 4205 1373 4258 in-

209 4273 356 4342 geniosust
