2878 4726
203 104 244 168 12
710 103 742 157 A.
762 101 856 157 Daub:

200 268 235 355 (l.
254 295 276 334 s.
296 266 334 355 e.)
357 274 425 334 inde
449 274 528 350 qnod
551 275 642 334 verba
665 273 798 332 extrema
820 267 951 332 διέτεινε
975 268 1010 330 δὲ
1032 301 1072 312 -
1092 264 1177 330 πάνυ
1201 265 1311 330 πολλά
1337 271 1383 330 ad

200 364 434 439 Aristophanem
459 362 637 440 Byzantium
665 361 847 439 pertinentia
876 380 942 420 cum
971 362 1012 438 gl.
1036 353 1265 436 Ἀριετώνυμοε
1292 361 1383 420 male

201 453 406 529 conglutinata
425 453 486 512 sint
505 444 555 534 (cf.
575 451 702 510 Meinek.
722 451 753 510 F.
773 449 805 511 O.
825 448 860 510 G.
879 449 894 507 Ι
912 441 1001 529 198),
1022 450 1171 527 conligere
1188 469 1248 510 non
1266 450 1382 509 debuit

202 542 452 620 Onomptologum
466 533 529 623 (vel
543 543 579 600 nt
592 559 670 600 nunc
683 539 795 600 rectius
809 540 968 616 loquamur
978 530 1176 620 ‘Epitomen')
1192 538 1383 615 dispositum

201 632 294 692 fuisse
322 651 358 691 ex
385 632 556 691 litterarum
584 631 698 690 ordine:
727 649 781 689 nee
808 629 886 688 enim
911 628 1017 688 Suidas
1041 629 1209 689 Dndociave
1236 629 1382 704 priorum

201 739 318 781 errores
337 732 438 781 secure
457 719 649 796 repetierunt,
668 738 764 795 neque
784 711 993 794 ‘Dpitonrator’
1012 719 1067 777 tali
1089 737 1189 778 errore
1209 718 1379 795 inplicatus

200 813 255 886 est,
275 811 325 870 sed
342 809 448 871 Suidas
462 810 526 886 ipse
540 809 713 868 memoriam
727 802 958 883 Ἀριετωνύμου
977 827 1013 867 ex
1027 807 1180 882 Athenaeo
1198 809 1230 867 in
1243 807 1381 868 mediam

201 901 331 976 glossam
352 894 580 974 Ἀριετοφὰνη(
598 901 711 958 temere
730 888 930 978 inculcavit.⁹)

692 1127 811 1221 Caput
837 1127 883 1199 Π.
969 1192 973 1199 .

231 1276 278 1345 De
306 1277 469 1366 DIonysio
497 1275 792 1345 Halicarnassensi
820 1274 981 1362 primario
1009 1273 1170 1363 hesychii
1197 1276 1234 1344 in
1261 1274 1349 1345 vitis

467 1403 642 1490 poetarum
670 1402 704 1470 et
731 1400 934 1470 musicorum
963 1403 1109 1470 auctore.

288 1544 434 1614 Quoniam
453 1544 526 1603 satis
545 1543 732 1618 exploratum
752 1545 799 1602 est
818 1542 940 1602 Suidam
959 1562 1060 1602 omnes
1078 1543 1141 1602 fere
1165 1542 1289 1601 notitias
1315 1561 1380 1601 uua

200 1654 267 1694 oum
286 1634 431 1694 librorum
452 1633 564 1692 tabulis
588 1651 624 1691 ex
643 1630 852 1708 Onomatologi
872 1632 1054 1708 Hesychiani
1073 1624 1236 1709 ‘Epitoma'
1256 1631 1379 1691 desum-

200 1725 305 1800 psisse,
324 1721 503 1798 gravissima
517 1721 612 1781 oritur
627 1721 771 1797 quaestio,
792 1740 865 1797 quos
880 1721 978 1781 fontes
994 1722 1161 1798 Hesychius
1176 1719 1286 1798 ipsein
1299 1721 1377 1781 vitis

200 1812 389 1890 pertexendis
409 1811 587 1871 adhibuerit.
624 1811 669 1870 Ac
687 1830 759 1886 prae
779 1811 885 1871 ceteris
904 1811 1024 1887 quidem
1043 1811 1091 1870 hic
1109 1809 1283 1870 nominandi
1301 1815 1378 1869 sunt

198 1901 367 1978 Dionysii
391 1899 725 1961 Halicarnassensis
753 1900 901 1960 minoris
927 1901 1015 1960 libri
1037 1900 1164 1959 XXXVI
1193 1901 1378 1974 μουεικῆε

197 1986 366 2066 ἱετορία(
386 1983 436 2072 (cf.
457 1990 537 2050 Suid.
553 2009 576 2050 s.
590 1991 620 2051 h.
634 1983 685 2068 1.),
703 1990 782 2066 quod
801 2009 874 2066 epus
895 1991 1111 2066 amplissimum
1130 1990 1165 2048 in
1183 1989 1270 2050 vitis
1290 2009 1379 2066 poc-

198 2084 316 2140 tarum
348 2083 383 2139 01
412 2080 627 2140 musicorum
652 2079 827 2155 primarium
860 2079 953 2139 fuisse
982 2080 1125 2156 Hesychii
1157 2080 1271 2139 fontem
1303 2082 1379 2154 post

198 2170 380 2229 MeInekium
399 2162 445 2249 (F.
466 2169 498 2231 O.
518 2168 595 2244 al,
617 2170 656 2227 16
673 2189 725 2244 sq.‚
746 2170 808 2228 608
824 2188 876 2245 sq.‚
898 2169 932 2239 V,
953 2163 981 2249 1)
1001 2168 1198 2228 Schneiderus
1218 2168 1379 2229 evidenter

200 2259 418 2319 demonstravit
425 2250 462 2339 ¹⁰)
484 2252 517 2340 (l.
532 2259 551 2318 1.
566 2279 593 2334 p.
606 2259 645 2317 29
659 2252 724 2339 sq.),
744 2257 988 2318 Wachsmuthius
1003 2260 1089 2320 novis
1103 2258 1289 2335 argumentis
1304 2277 1375 2318 eon-

200 2381 413 2388 .------

270 2449 291 2517 ⁰)
320 2447 351 2500 In
379 2448 433 2500 fine
461 2445 543 2500 huius
566 2445 822 2515 disputatiunculae
847 2463 1054 2502 conmemorare
1076 2447 1156 2502 lubet
1178 2447 1376 2502 Usenerum
1432 2445 1433 2474 ³

199 2521 278 2590 (Mus.
294 2519 346 2573 Rh.
360 2537 386 2573 n.
402 2517 528 2584 XXVIII,
543 2520 608 2586 404)
622 2517 743 2572 Theonis
763 2520 791 2572 et
805 2517 892 2587 Pappi
911 2521 1107 2586 ευγχρονιεμόν
1127 2519 1239 2588 qualem
1258 2520 1377 2574 exhibet

199 2591 298 2645 Suidas
323 2589 452 2645 reiecisse
478 2588 523 2657 (el.
542 2588 620 2643 Laid.
638 2589 719 2644 Mser.
738 2607 765 2642 n.
786 2595 826 2643 78.
846 2587 919 2646 Fast.
940 2590 1057 2658 Theon.)
1080 2590 1262 2661 Pappnmqne
1287 2591 1375 2646 tertio

202 2662 313 2718 saeculo
333 2661 445 2717 exeunti
462 2660 631 2730 adsignasse.
670 2659 806 2729 Opinatur
828 2660 959 2714 nimirum
978 2661 1113 2730 Hesychii
1133 2662 1373 2732 ‘epItomatorem’

202 2751 235 2789 ea
258 2733 367 2788 ratione
391 2749 446 2801 qua
468 2732 597 2801 Pappum
621 2733 650 2785 ct
673 2731 815 2786 Thoonem
839 2731 914 2801 apud
936 2732 1107 2804 Hesychium
1134 2733 1307 2799 consociatos
1332 2734 1375 2788 in·
1431 2731 1432 2734 ’

202 2804 312 2860 venerit
329 2804 475 2858 inductum
494 2820 563 2871 esse,
582 2806 614 2857 ut
632 2803 779 2871 aequalem
797 2805 946 2873 utrumque
965 2804 1050 2859 fuisse
1068 2804 1176 2859 diceret
1193 2805 1375 2873 Theonisque

201 2878 325 2931 aetatem
349 2874 386 2929 ad
408 2875 537 2944 Pappum
565 2876 716 2929 revocaret.
759 2873 814 2928 Sed
841 2875 907 2928 talis
931 2875 1064 2946 Hesychii
1091 2877 1192 2931 erroris
1221 2875 1374 2945 explicatio

198 2965 296 3017 parum
311 2944 429 3001 adridet.
453 2945 573 2999 Theonis
588 2945 684 3014 utique
699 2946 822 3001 aetatem
838 2948 888 3001 sub
899 2946 1059 3001 Theodosio
1069 2947 1105 3003 11.
1122 2950 1198 3002 00110
1213 2947 1375 3002 constitisse
1430 2991 1431 3014 3

197 3018 348 3074 tenendum
376 3017 425 3072 est.
467 3017 527 3070 Iam
553 3033 620 3072 vero
647 3033 704 3071 non
732 3018 821 3072 solum
849 3016 938 3072 iuncti
965 3017 1011 3072 hic
1039 3017 1099 3073 illic
1128 3022 1375 3074 conmemorantur

198 3091 310 3158 Pappns
325 3091 354 3142 et
368 3088 466 3143 Theon
480 3088 646 3158 interpretes
660 3087 817 3144 Ptolomaei
831 3094 987 3158 syntaxeos,
1007 3090 1056 3143 sed
1070 3089 1099 3144 in
1113 3089 1256 3144 codicibus
1273 3092 1375 3145 etiam-

197 3181 263 3216 num
282 3176 396 3228 operam
415 3159 456 3214 ita
473 3157 600 3214 videmus
619 3160 811 3224 conciliatam,
837 3164 869 3215 ut
891 3162 927 3214 τὰ
946 3162 1057 3215 Θέωνος
1079 3161 1118 3216 εἰε
1139 3163 1173 3216 τὸ
1196 3165 1291 3216 λεῖπον
1320 3168 1371 3217 τοῦ

198 3235 320 3288 Πάππου
336 3230 519 3286 exhibeantur
534 3231 578 3297 (cf,
594 3231 701 3286 Pabrie.
711 3231 780 3286 bibl.
792 3232 865 3298 VIII,
881 3250 907 3300 p.
918 3238 994 3300 208);
1017 3233 1103 3302 Pappi
1122 3235 1216 3286 antem
1235 3233 1315 3288 aetas
1330 3235 1372 3287 in-

198 3307 275 3360 oerta
283 3302 348 3356 fult:
364 3319 430 3371 ergo
440 3302 514 3355 huno
521 3301 684 3371 ipsumcum
694 3303 807 3357 Theona
814 3303 850 3356 ab
858 3303 995 3372 Hesychia
1003 3303 1038 3357 ad
1048 3303 1121 3358 idem
1131 3306 1241 3374 tempus
1250 3305 1372 3359 relatum

198 3376 284 3429 fnisse
299 3373 390 3427 oredo.
406 3404 437 3412 -
462 3373 494 3437 ¹⁰)
509 3372 562 3437 Qui
576 3375 672 3426 tamen
685 3373 716 3427 in
729 3373 919 3443 disputatione
934 3373 969 3428 de
983 3373 1159 3429 memorabili
1174 3375 1337 3431 testimonio
1352 3396 1372 3432 1.

200 3445 407 3514 Ἡρωδιανὸς
425 3445 463 3512 (p.
483 3450 515 3496 ³1
537 3445 588 3512 sq.)
606 3445 636 3497 id
654 3443 725 3497 mihi
742 3462 798 3498 non
816 3445 963 3513 persuasit,
984 3445 1148 3515 Dionysium
1167 3447 1196 3499 in
1215 3463 1300 3516 opere
1321 3465 1371 3502 sno

198 3516 339 3573 addidisse
362 3513 526 3568 memoriam
550 3531 646 3568 corum
665 3516 912 3584 grammaticorum
936 3516 984 3585 qui
1008 3519 1153 3586 poetarum
1177 3517 1282 3586 scripta
1306 3535 1371 3572 eon-

198 3586 342 3644 mentariis
361 3584 577 3639 inlustraverint.
615 3584 724 3655 Nempe
747 3586 845 3640 laudat
865 3586 947 3642 Schn.
971 3587 1078 3658 glossas
1098 3606 1118 3642 1.
1138 3589 1275 3655 Παμφίλη
1301 3594 1331 3643 01
1350 3609 1371 3644 r.

198 3659 368 3725 (serapione,
392 3655 440 3709 nbi
459 3655 586 3724 Dionysii
607 3656 715 3711 musica
737 3656 855 3711 historia
878 3659 908 3711 in
932 3658 1125 3714 testimonium
1144 3662 1275 3714 vocetur:
1305 3677 1373 3714 nam

198 3749 260 3786 eum
275 3745 366 3796 neque
376 3725 555 3796 Pamphilam
570 3744 620 3781 nee
631 3727 787 3782 Soteiidam
802 3727 928 3783 earmina
941 3730 1069 3796 punxisse
1084 3733 1203 3797 constet,
1216 3731 1372 3800 permirum

199 3819 258 3858 0110
278 3800 352 3869 quod
371 3799 459 3853 libros
477 3798 641 3866 Pamphilae
660 3799 745 3869 volgo
769 3799 926 3869 adscriptos
945 3800 1091 3856 Soteridae
1114 3803 1201 3871 patris
1225 3819 1283 3857 esse
1305 3803 1370 3858 Dic-

198 3873 293 3943 nysius
320 3871 350 3924 in
375 3869 482 3925 muslea
508 3869 627 3924 historie
649 3887 776 3925 narrasse
800 3870 921 3938 dicatur,
950 3872 1023 3926 unde
1051 3872 1134 3929 facile
1162 3890 1244 3944 posse
1273 3873 1374 3944 conici,

198 3942 361 4015 praesertim
376 3959 439 3997 cum
455 3940 597 3996 Soteridas
611 3942 658 4007 (cf.
674 3940 750 3996 Suid.
765 3960 785 3995 s.
801 3944 827 3998 h.
837 3945 873 4009 ν.)
888 3942 922 3998 (10
937 3943 1058 3998 Homero
1073 3945 1204 4015 Euripide
1217 3946 1372 4002 Menandro

198 4013 374 4079 disseruerit,
398 4012 562 4082 Dionysium
585 4030 681 4067 eornm
704 4031 813 4081 quoque
837 4015 1085 4084 grammaticorum
1105 4017 1153 4084 qui
1175 4016 1204 4070 in
1222 4020 1372 4085 poetarum

199 4102 283 4158 opera
310 4084 515 4139 conmentarios
544 4083 760 4154 conscripserint
786 4084 874 4139 vitam
899 4087 1093 4155 pertractasse.
1137 4087 1197 4152 Qua
1220 4087 1249 4142 in
1273 4105 1303 4142 re
1328 4090 1372 4143 vir

200 4153 395 4228 sagacissimus
420 4155 491 4210 falsa
514 4154 675 4224 opinatione
698 4155 829 4225 deeeptus
853 4159 907 4223 est,
936 4174 1001 4211 nani
1024 4157 1088 4212 Inde
1112 4159 1188 4227 qnod
1206 4159 1238 4212 D.
1258 4158 1286 4212 in
1312 4160 1372 4215 vita

198 4227 363 4298 Pamphilae
390 4225 472 4280 testis
500 4226 638 4280 excitatur
657 4227 770 4282 minime
794 4227 934 4297 seqnitur,
960 4231 992 4282 ut
1013 4229 1089 4283 idem
1113 4229 1259 4284 Soteridae
1281 4232 1370 4286 vitam

198 4298 334 4371 peculiari
352 4297 496 4353 notatione
516 4297 701 4367 descripserit.
734 4297 840 4354 Deinde
858 4315 925 4354 vero
945 4299 1020 4369 qued
1035 4299 1117 4356 Sehn.
1133 4319 1153 4356 s.
1169 4320 1194 4357 v.
1210 4302 1372 4371 (ωτηρίδοε
