<?xml version="1.0" encoding="UTF-8"?>
<!DOCTYPE html PUBLIC "-//W3C//DTD XHTML 1.0 Transitional//EN"
    "http://www.w3.org/TR/xhtml1/DTD/xhtml1-transitional.dtd">
<html xmlns="http://www.w3.org/1999/xhtml" xml:lang="en" lang="en">
 <head>
  <title>
</title>
<meta http-equiv="Content-Type" content="text/html;charset=utf-8" />
  <meta name='ocr-system' content='tesseract 3.04.00' />
  <meta name='ocr-capabilities' content='ocr_page ocr_carea ocr_par ocr_line ocrx_word'/>
</head>
<body>
  <div class='ocr_page' id='page_1' title='image "./desuidaebiograp00daubgoog_0026.png"; bbox 0 0 2878 4726; ppageno 0'>
   <div class='ocr_carea' id='block_1_1' title="bbox 295 120 1227 194">
    <p class='ocr_par' dir='ltr' id='par_1_1' title="bbox 295 120 1227 194">
     <span class='ocr_line' id='line_1_1' title="bbox 295 120 1227 194; baseline 0.016 -19"><span class='ocrx_word' id='word_1_1' title='bbox 295 120 339 194; x_wconf 48' lang='lat' dir='ltr'><strong>¹De</strong></span> <span class='ocrx_word' id='word_1_2' title='bbox 359 120 461 177; x_wconf 82' lang='lat' dir='ltr'><strong>Suidae</strong></span> <span class='ocrx_word' id='word_1_3' title='bbox 479 121 727 192; x_wconf 88' lang='lat' dir='ltr'><strong>biographicorum</strong></span> <span class='ocrx_word' id='word_1_4' title='bbox 746 122 854 194; x_wconf 82' lang='lat' dir='ltr'><strong>origine</strong></span> <span class='ocrx_word' id='word_1_5' title='bbox 873 126 902 180; x_wconf 91' lang='lat' dir='ltr'><strong>et</strong></span> <span class='ocrx_word' id='word_1_6' title='bbox 919 125 981 181; x_wconf 87' lang='lat' dir='ltr'><strong>fide.</strong></span> <span class='ocrx_word' id='word_1_7' title='bbox 1185 127 1227 191; x_wconf 80' lang='grc'><strong>23</strong></span> 
     </span>
    </p>
   </div>
   <div class='ocr_carea' id='block_1_2' title="bbox 53 288 1231 551">
    <p class='ocr_par' dir='ltr' id='par_1_2' title="bbox 53 288 1231 551">
     <span class='ocr_line' id='line_1_2' title="bbox 56 288 1231 370; baseline 0.006 -22"><span class='ocrx_word' id='word_1_8' title='bbox 56 290 218 364; x_wconf 81' lang='lat' dir='ltr'>suspicere,</span> <span class='ocrx_word' id='word_1_9' title='bbox 243 290 329 366; x_wconf 90' lang='lat' dir='ltr'><strong>quasi</strong></span> <span class='ocrx_word' id='word_1_10' title='bbox 348 288 549 351; x_wconf 77' lang='lat' dir='ltr'><strong>Callimachus</strong></span> <span class='ocrx_word' id='word_1_11' title='bbox 573 292 604 350; x_wconf 90' lang='lat' dir='ltr'><strong>in</strong></span> <span class='ocrx_word' id='word_1_12' title='bbox 629 293 807 368; x_wconf 85' lang='lat' dir='ltr'><strong>scriptorum</strong></span> <span class='ocrx_word' id='word_1_13' title='bbox 831 293 925 353; x_wconf 84' lang='lat' dir='ltr'><strong>vitam</strong></span> <span class='ocrx_word' id='word_1_14' title='bbox 949 294 1050 354; x_wconf 90' lang='lat' dir='ltr'><strong>dedita</strong></span> <span class='ocrx_word' id='word_1_15' title='bbox 1074 314 1165 370; x_wconf 89' lang='lat' dir='ltr'><strong>opera</strong></span> <span class='ocrx_word' id='word_1_16' title='bbox 1187 297 1231 356; x_wconf 91' lang='lat' dir='ltr'><strong>in-</strong></span> 
     </span>
     <span class='ocr_line' id='line_1_3' title="bbox 54 379 1229 459; baseline 0.008 -22"><span class='ocrx_word' id='word_1_17' title='bbox 54 379 239 454; x_wconf 90' lang='lat' dir='ltr'><strong>quisivisset:</strong></span> <span class='ocrx_word' id='word_1_18' title='bbox 267 379 496 438; x_wconf 87' lang='lat' dir='ltr'><strong>fundamentum</strong></span> <span class='ocrx_word' id='word_1_19' title='bbox 519 384 638 441; x_wconf 90' lang='lat' dir='ltr'><strong>tantum</strong></span> <span class='ocrx_word' id='word_1_20' title='bbox 661 383 743 456; x_wconf 89' lang='lat' dir='ltr'><strong>iecit,</strong></span> <span class='ocrx_word' id='word_1_21' title='bbox 771 402 829 459; x_wconf 93' lang='lat' dir='ltr'><strong>quo</strong></span> <span class='ocrx_word' id='word_1_22' title='bbox 859 383 1040 459; x_wconf 74' lang='lat' dir='ltr'>posteriores</span> <span class='ocrx_word' id='word_1_23' title='bbox 1069 405 1138 445; x_wconf 87' lang='lat' dir='ltr'><strong>vere</strong></span> <span class='ocrx_word' id='word_1_24' title='bbox 1167 387 1229 446; x_wconf 90' lang='lat' dir='ltr'><strong>bio-</strong></span> 
     </span>
     <span class='ocr_line' id='line_1_4' title="bbox 53 461 1088 551; baseline 0.008 -25"><span class='ocrx_word' id='word_1_25' title='bbox 53 469 160 544; x_wconf 80' lang='lat' dir='ltr'>graphi</span> <span class='ocrx_word' id='word_1_26' title='bbox 180 461 348 549; x_wconf 85' lang='lat' dir='ltr'><strong>(inprimis</strong></span> <span class='ocrx_word' id='word_1_27' title='bbox 369 463 566 551; x_wconf 81' lang='lat' dir='ltr'>Hermippus)</span> <span class='ocrx_word' id='word_1_28' title='bbox 587 490 641 531; x_wconf 91' lang='lat' dir='ltr'><strong>sua</strong></span> <span class='ocrx_word' id='word_1_29' title='bbox 662 475 928 548; x_wconf 86' lang='lat' dir='ltr'><strong>superstruxerunt</strong></span> <span class='ocrx_word' id='word_1_30' title='bbox 946 473 1088 534; x_wconf 89' lang='lat' dir='ltr'><strong>aedificia.</strong></span> 
     </span>
    </p>
   </div>
   <div class='ocr_carea' id='block_1_3' title="bbox 52 558 1229 996">
    <p class='ocr_par' dir='ltr' id='par_1_3' title="bbox 52 558 1229 816">
     <span class='ocr_line' id='line_1_5' title="bbox 140 558 1229 635; baseline 0.006 -19"><span class='ocrx_word' id='word_1_31' title='bbox 140 558 321 634; x_wconf 90' lang='lat' dir='ltr'><strong>Aperuimus</strong></span> <span class='ocrx_word' id='word_1_32' title='bbox 345 559 440 635; x_wconf 89' lang='lat' dir='ltr'><strong>igitur</strong></span> <span class='ocrx_word' id='word_1_33' title='bbox 464 561 634 620; x_wconf 88' lang='lat' dir='ltr'><strong>interiorem</strong></span> <span class='ocrx_word' id='word_1_34' title='bbox 655 559 763 620; x_wconf 79' lang='lat' dir='ltr'><strong>S&#39;uidae</strong></span> <span class='ocrx_word' id='word_1_35' title='bbox 786 562 975 623; x_wconf 74' lang='lat' dir='ltr'><strong>notationum</strong></span> <span class='ocrx_word' id='word_1_36' title='bbox 999 567 1030 622; x_wconf 89' lang='lat' dir='ltr'><strong>et</strong></span> <span class='ocrx_word' id='word_1_37' title='bbox 1053 562 1229 623; x_wconf 78' lang='lat' dir='ltr'><strong>Callimachi</strong></span> 
     </span>
     <span class='ocr_line' id='line_1_6' title="bbox 53 641 1228 730; baseline 0.006 -25"><span class='ocrx_word' id='word_1_38' title='bbox 53 641 205 707; x_wconf 86' lang='grc' dir='ltr'>πινάκων</span> <span class='ocrx_word' id='word_1_39' title='bbox 221 649 442 724; x_wconf 75' lang='lat' dir='ltr'><strong>cognationem:</strong></span> <span class='ocrx_word' id='word_1_40' title='bbox 466 669 525 726; x_wconf 91' lang='lat' dir='ltr'><strong>qua</strong></span> <span class='ocrx_word' id='word_1_41' title='bbox 544 651 699 710; x_wconf 89' lang='lat' dir='ltr'><strong>enucleata</strong></span> <span class='ocrx_word' id='word_1_42' title='bbox 717 651 974 727; x_wconf 87' lang='lat' dir='ltr'><strong>pernecessarium</strong></span> <span class='ocrx_word' id='word_1_43' title='bbox 998 657 1045 711; x_wconf 87' lang='lat' dir='ltr'><strong>est</strong></span> <span class='ocrx_word' id='word_1_44' title='bbox 1068 653 1228 730; x_wconf 89' lang='lat' dir='ltr'><strong>pristinam</strong></span> 
     </span>
     <span class='ocr_line' id='line_1_7' title="bbox 52 733 989 816; baseline 0.004 -21"><span class='ocrx_word' id='word_1_45' title='bbox 52 756 285 813; x_wconf 87' lang='lat' dir='ltr'><strong>germanamque</strong></span> <span class='ocrx_word' id='word_1_46' title='bbox 305 738 491 813; x_wconf 86' lang='lat' dir='ltr'><strong>singularum</strong></span> <span class='ocrx_word' id='word_1_47' title='bbox 510 739 641 798; x_wconf 88' lang='lat' dir='ltr'><strong>vitarum</strong></span> <span class='ocrx_word' id='word_1_48' title='bbox 659 741 786 800; x_wconf 90' lang='lat' dir='ltr'><strong>formam</strong></span> <span class='ocrx_word' id='word_1_49' title='bbox 804 733 989 816; x_wconf 79' lang='lat' dir='ltr'><strong>recuperare.</strong></span> 
     </span>
    </p>

    <p class='ocr_par' dir='ltr' id='par_1_4' title="bbox 53 824 1229 996">
     <span class='ocr_line' id='line_1_8' title="bbox 140 824 1229 906; baseline 0.005 -21"><span class='ocrx_word' id='word_1_50' title='bbox 140 824 222 894; x_wconf 83' lang='lat' dir='ltr'><strong>Quae</strong></span> <span class='ocrx_word' id='word_1_51' title='bbox 244 827 398 902; x_wconf 87' lang='lat' dir='ltr'><strong>praefatus</strong></span> <span class='ocrx_word' id='word_1_52' title='bbox 417 829 477 886; x_wconf 88' lang='lat' dir='ltr'><strong>iam</strong></span> <span class='ocrx_word' id='word_1_53' title='bbox 496 829 658 905; x_wconf 79' lang='lat' dir='ltr'><strong>lyricorum</strong></span> <span class='ocrx_word' id='word_1_54' title='bbox 678 831 841 889; x_wconf 86' lang='lat' dir='ltr'><strong>carminum</strong></span> <span class='ocrx_word' id='word_1_55' title='bbox 860 829 979 889; x_wconf 89' lang='lat' dir='ltr'><strong>tabulas</strong></span> <span class='ocrx_word' id='word_1_56' title='bbox 998 831 1079 906; x_wconf 88' lang='lat' dir='ltr'><strong>ipsas</strong></span> <span class='ocrx_word' id='word_1_57' title='bbox 1100 831 1229 890; x_wconf 83' lang='lat' dir='ltr'><strong>examini</strong></span> 
     </span>
     <span class='ocr_line' id='line_1_9' title="bbox 53 915 1226 996; baseline 0.006 -23"><span class='ocrx_word' id='word_1_58' title='bbox 53 915 203 974; x_wconf 87' lang='lat' dir='ltr'><strong>subiciam.</strong></span> <span class='ocrx_word' id='word_1_59' title='bbox 225 916 267 975; x_wconf 87' lang='lat' dir='ltr'><strong>Ac</strong></span> <span class='ocrx_word' id='word_1_60' title='bbox 277 917 406 992; x_wconf 88' lang='lat' dir='ltr'><strong>primum</strong></span> <span class='ocrx_word' id='word_1_61' title='bbox 418 918 537 993; x_wconf 89' lang='lat' dir='ltr'><strong>quidem</strong></span> <span class='ocrx_word' id='word_1_62' title='bbox 547 919 658 978; x_wconf 91' lang='lat' dir='ltr'><strong>indices</strong></span> <span class='ocrx_word' id='word_1_63' title='bbox 669 939 705 978; x_wconf 87' lang='lat' dir='ltr'><strong>ex</strong></span> <span class='ocrx_word' id='word_1_64' title='bbox 719 921 896 996; x_wconf 87' lang='lat' dir='ltr'><strong>argumento</strong></span> <span class='ocrx_word' id='word_1_65' title='bbox 908 920 1040 995; x_wconf 89' lang='lat' dir='ltr'><strong>digestos</strong></span> <span class='ocrx_word' id='word_1_66' title='bbox 1052 939 1226 994; x_wconf 86' lang='lat' dir='ltr'>percensere</span> 
     </span>
    </p>
   </div>
   <div class='ocr_carea' id='block_1_4' title="bbox 15 999 1226 1085">
    <p class='ocr_par' dir='ltr' id='par_1_5' title="bbox 15 999 1226 1085">
     <span class='ocr_line' id='line_1_10' title="bbox 15 999 1226 1085; baseline 0.007 -25"><span class='ocrx_word' id='word_1_67' title='bbox 15 999 16 1060; x_wconf 82' lang='grc'><strong>1</strong></span> <span class='ocrx_word' id='word_1_68' title='bbox 51 1005 148 1082; x_wconf 88' lang='lat' dir='ltr'><strong>lubet,</strong></span> <span class='ocrx_word' id='word_1_69' title='bbox 172 1025 261 1082; x_wconf 91' lang='lat' dir='ltr'><strong>quem</strong></span> <span class='ocrx_word' id='word_1_70' title='bbox 285 1007 404 1081; x_wconf 91' lang='lat' dir='ltr'><strong>quidem</strong></span> <span class='ocrx_word' id='word_1_71' title='bbox 428 1007 561 1066; x_wconf 88' lang='lat' dir='ltr'><strong>ordinem</strong></span> <span class='ocrx_word' id='word_1_72' title='bbox 581 1008 692 1084; x_wconf 85' lang='lat' dir='ltr'><strong>lyricae</strong></span> <span class='ocrx_word' id='word_1_73' title='bbox 711 1026 834 1084; x_wconf 89' lang='lat' dir='ltr'><strong>poeseos</strong></span> <span class='ocrx_word' id='word_1_74' title='bbox 854 1009 958 1085; x_wconf 85' lang='lat' dir='ltr'><strong>generi</strong></span> <span class='ocrx_word' id='word_1_75' title='bbox 976 1012 1080 1085; x_wconf 91' lang='lat' dir='ltr'><strong>utpote</strong></span> <span class='ocrx_word' id='word_1_76' title='bbox 1099 1010 1226 1069; x_wconf 83' lang='lat' dir='ltr'><strong>maxime</strong></span> 
     </span>
    </p>
   </div>
   <div class='ocr_carea' id='block_1_5' title="bbox 52 1085 1226 1178">
    <p class='ocr_par' dir='ltr' id='par_1_6' title="bbox 52 1085 1226 1178">
     <span class='ocr_line' id='line_1_11' title="bbox 52 1085 1226 1178; baseline 0.005 -26"><span class='ocrx_word' id='word_1_77' title='bbox 52 1095 274 1154; x_wconf 80' lang='lat' dir='ltr'><strong>convenientem</strong></span> <span class='ocrx_word' id='word_1_78' title='bbox 297 1085 347 1174; x_wconf 86' lang='lat' dir='ltr'><strong>(cf.</strong></span> <span class='ocrx_word' id='word_1_79' title='bbox 367 1094 572 1156; x_wconf 89' lang='lat' dir='ltr'><strong>Waohsmuth.</strong></span> <span class='ocrx_word' id='word_1_80' title='bbox 597 1096 698 1174; x_wconf 83' lang='lat' dir='ltr'><strong>Symb.</strong></span> <span class='ocrx_word' id='word_1_81' title='bbox 721 1092 799 1178; x_wconf 84' lang='lat'>149)</span> <span class='ocrx_word' id='word_1_82' title='bbox 826 1101 857 1157; x_wconf 86' lang='lat' dir='ltr'><strong>et</strong></span> <span class='ocrx_word' id='word_1_83' title='bbox 881 1096 1080 1158; x_wconf 79' lang='lat' dir='ltr'><strong>Callimachus</strong></span> <span class='ocrx_word' id='word_1_84' title='bbox 1107 1104 1226 1158; x_wconf 89' lang='lat' dir='ltr'><strong>secutus</strong></span> 
     </span>
    </p>
   </div>
   <div class='ocr_carea' id='block_1_6' title="bbox 15 1176 1225 1265">
    <p class='ocr_par' dir='ltr' id='par_1_7' title="bbox 15 1176 1225 1265">
     <span class='ocr_line' id='line_1_12' title="bbox 15 1176 1225 1265; baseline 0.004 -23"><span class='ocrx_word' id='word_1_85' title='bbox 15 1183 16 1226; x_wconf 71' lang='grc'>1</span> <span class='ocrx_word' id='word_1_86' title='bbox 52 1185 167 1243; x_wconf 85' lang='lat' dir='ltr'><strong>videtur</strong></span> <span class='ocrx_word' id='word_1_87' title='bbox 199 1176 250 1263; x_wconf 89' lang='lat' dir='ltr'><strong>(of.</strong></span> <span class='ocrx_word' id='word_1_88' title='bbox 280 1186 404 1244; x_wconf 86' lang='lat' dir='ltr'><strong>eundern</strong></span> <span class='ocrx_word' id='word_1_89' title='bbox 438 1185 514 1245; x_wconf 91' lang='lat' dir='ltr'><strong>Phil.</strong></span> <span class='ocrx_word' id='word_1_90' title='bbox 548 1186 632 1262; x_wconf 89' lang='lat' dir='ltr'>XVI,</span> <span class='ocrx_word' id='word_1_91' title='bbox 663 1189 724 1247; x_wconf 88' lang='lat'><strong>661</strong></span> <span class='ocrx_word' id='word_1_92' title='bbox 746 1178 860 1265; x_wconf 77' lang='lat' dir='ltr'><strong>sq.).²⁶)</strong></span> <span class='ocrx_word' id='word_1_93' title='bbox 907 1187 983 1246; x_wconf 91' lang='lat' dir='ltr'><strong>Prae</strong></span> <span class='ocrx_word' id='word_1_94' title='bbox 1014 1189 1120 1248; x_wconf 88' lang='lat' dir='ltr'><strong>ceteris</strong></span> <span class='ocrx_word' id='word_1_95' title='bbox 1153 1208 1225 1248; x_wconf 85' lang='lat' dir='ltr'><strong>vero</strong></span> 
     </span>
    </p>
   </div>
   <div class='ocr_carea' id='block_1_7' title="bbox 53 1289 1300 1462">
    <p class='ocr_par' dir='ltr' id='par_1_8' title="bbox 53 1289 1300 1462">
     <span class='ocr_line' id='line_1_13' title="bbox 53 1289 1225 1391; baseline 0.004 -19"><span class='ocrx_word' id='word_1_96' title='bbox 53 1289 227 1374; x_wconf 80' lang='lat' dir='ltr'><strong>transtulisse</strong></span> <span class='ocrx_word' id='word_1_97' title='bbox 246 1320 276 1373; x_wconf 92' lang='lat' dir='ltr'><strong>in</strong></span> <span class='ocrx_word' id='word_1_98' title='bbox 294 1336 430 1388; x_wconf 90' lang='lat' dir='ltr'><strong>suumque</strong></span> <span class='ocrx_word' id='word_1_99' title='bbox 449 1338 528 1373; x_wconf 90' lang='lat' dir='ltr'><strong>usum</strong></span> <span class='ocrx_word' id='word_1_100' title='bbox 548 1321 727 1377; x_wconf 82' lang='lat' dir='ltr'><strong>convertisse.</strong></span> <span class='ocrx_word' id='word_1_101' title='bbox 766 1321 817 1376; x_wconf 85' lang='lat' dir='ltr'><strong>Cui</strong></span> <span class='ocrx_word' id='word_1_102' title='bbox 839 1321 1066 1390; x_wconf 70' lang='lat' dir='ltr'><strong>interpretationi</strong></span> <span class='ocrx_word' id='word_1_103' title='bbox 1085 1323 1225 1391; x_wconf 87' lang='lat' dir='ltr'><strong>obstrepit</strong></span> 
     </span>
     <span class='ocr_line' id='line_1_14' title="bbox 53 1391 1300 1462; baseline 0.004 -19"><span class='ocrx_word' id='word_1_104' title='bbox 53 1408 116 1444; x_wconf 88' lang='lat' dir='ltr'><strong>sanc</strong></span> <span class='ocrx_word' id='word_1_105' title='bbox 136 1409 199 1444; x_wconf 89' lang='lat' dir='ltr'><strong>usus</strong></span> <span class='ocrx_word' id='word_1_106' title='bbox 218 1391 351 1459; x_wconf 87' lang='lat' dir='ltr'><strong>loquendi</strong></span> <span class='ocrx_word' id='word_1_107' title='bbox 369 1391 435 1460; x_wconf 84' lang='lat' dir='ltr'><strong>(vid.</strong></span> <span class='ocrx_word' id='word_1_108' title='bbox 454 1391 556 1444; x_wconf 89' lang='lat' dir='ltr'><strong>Herod.</strong></span> <span class='ocrx_word' id='word_1_109' title='bbox 573 1392 621 1458; x_wconf 95' lang='grc' dir='ltr'>ΙΙΙ,</span> <span class='ocrx_word' id='word_1_110' title='bbox 642 1399 702 1462; x_wconf 88' lang='grc'>136,</span> <span class='ocrx_word' id='word_1_111' title='bbox 721 1393 794 1447; x_wconf 90' lang='lat' dir='ltr'><strong>Plut.</strong></span> <span class='ocrx_word' id='word_1_112' title='bbox 813 1411 870 1462; x_wconf 92' lang='lat' dir='ltr'><strong>reg.</strong></span> <span class='ocrx_word' id='word_1_113' title='bbox 891 1394 1026 1462; x_wconf 90' lang='lat' dir='ltr'><strong>apophth.</strong></span> <span class='ocrx_word' id='word_1_114' title='bbox 1046 1412 1073 1462; x_wconf 91' lang='lat' dir='ltr'><strong>p.</strong></span> <span class='ocrx_word' id='word_1_115' title='bbox 1090 1397 1160 1462; x_wconf 83' lang='lat'><strong>143),</strong></span> <span class='ocrx_word' id='word_1_116' title='bbox 1180 1396 1221 1448; x_wconf 89' lang='lat' dir='ltr'><strong>at·</strong></span> <span class='ocrx_word' id='word_1_117' title='bbox 1287 1411 1300 1438; x_wconf 77' lang='lat'><em>0</em></span> 
     </span>
    </p>
   </div>
   <div class='ocr_carea' id='block_1_8' title="bbox 15 1459 1220 1533">
    <p class='ocr_par' dir='ltr' id='par_1_9' title="bbox 15 1459 1220 1533">
     <span class='ocr_line' id='line_1_15' title="bbox 15 1459 1220 1533; baseline 0.003 -18"><span class='ocrx_word' id='word_1_118' title='bbox 15 1471 16 1480; x_wconf 59' lang='lat'>¹</span> <span class='ocrx_word' id='word_1_119' title='bbox 54 1479 106 1529; x_wconf 90' lang='lat' dir='ltr'><strong>que</strong></span> <span class='ocrx_word' id='word_1_120' title='bbox 131 1479 163 1516; x_wconf 90' lang='lat' dir='ltr'><strong>ex</strong></span> <span class='ocrx_word' id='word_1_121' title='bbox 185 1463 323 1516; x_wconf 88' lang='lat' dir='ltr'><strong>vocabulo</strong></span> <span class='ocrx_word' id='word_1_122' title='bbox 347 1464 468 1530; x_wconf 81' lang='grc' dir='ltr'>ὑετὲρωε</span> <span class='ocrx_word' id='word_1_123' title='bbox 490 1463 534 1516; x_wconf 90' lang='lat' dir='ltr'><strong>bis</strong></span> <span class='ocrx_word' id='word_1_124' title='bbox 558 1459 685 1520; x_wconf 89' lang='lat' dir='ltr'><strong>adhibito</strong></span> <span class='ocrx_word' id='word_1_125' title='bbox 711 1465 750 1533; x_wconf 88' lang='lat' dir='ltr'><strong>(in</strong></span> <span class='ocrx_word' id='word_1_126' title='bbox 769 1465 895 1519; x_wconf 84' lang='lat' dir='ltr'><strong>Ambrcs.</strong></span> <span class='ocrx_word' id='word_1_127' title='bbox 921 1481 974 1520; x_wconf 90' lang='lat' dir='ltr'><strong>sec.</strong></span> <span class='ocrx_word' id='word_1_128' title='bbox 1000 1467 1029 1518; x_wconf 87' lang='lat' dir='ltr'><strong>et</strong></span> <span class='ocrx_word' id='word_1_129' title='bbox 1052 1465 1081 1518; x_wconf 88' lang='lat' dir='ltr'><strong>in</strong></span> <span class='ocrx_word' id='word_1_130' title='bbox 1104 1481 1220 1533; x_wconf 89' lang='lat' dir='ltr'><strong>gramm.</strong></span> 
     </span>
    </p>
   </div>
   <div class='ocr_carea' id='block_1_9' title="bbox 52 1533 1226 2035">
    <p class='ocr_par' dir='ltr' id='par_1_10' title="bbox 52 1533 1226 2035">
     <span class='ocr_line' id='line_1_16' title="bbox 53 1533 1224 1606; baseline 0.003 -19"><span class='ocrx_word' id='word_1_131' title='bbox 53 1534 163 1603; x_wconf 83' lang='lat' dir='ltr'><strong>Paria),</strong></span> <span class='ocrx_word' id='word_1_132' title='bbox 183 1535 257 1603; x_wconf 90' lang='lat' dir='ltr'><strong>quod</strong></span> <span class='ocrx_word' id='word_1_133' title='bbox 277 1533 462 1588; x_wconf 84' lang='lat' dir='ltr'><strong>Schneiderus</strong></span> <span class='ocrx_word' id='word_1_134' title='bbox 481 1535 608 1589; x_wconf 90' lang='lat' dir='ltr'><strong>consulto</strong></span> <span class='ocrx_word' id='word_1_135' title='bbox 627 1536 760 1606; x_wconf 82' lang='lat' dir='ltr'><strong>neglexit,</strong></span> <span class='ocrx_word' id='word_1_136' title='bbox 779 1535 935 1591; x_wconf 90' lang='lat' dir='ltr'><strong>necessario</strong></span> <span class='ocrx_word' id='word_1_137' title='bbox 955 1536 1075 1590; x_wconf 84' lang='lat' dir='ltr'><strong>efficitur</strong></span> <span class='ocrx_word' id='word_1_138' title='bbox 1090 1537 1158 1602; x_wconf 84' lang='grc' dir='ltr'>μετὰ</span> <span class='ocrx_word' id='word_1_139' title='bbox 1171 1539 1224 1603; x_wconf 84' lang='grc' dir='ltr'><strong>τὴν</strong></span> 
     </span>
     <span class='ocr_line' id='line_1_17' title="bbox 53 1605 1226 1677; baseline 0.004 -20"><span class='ocrx_word' id='word_1_140' title='bbox 53 1607 194 1673; x_wconf 83' lang='grc' dir='ltr'>διόρθωαν</span> <span class='ocrx_word' id='word_1_141' title='bbox 220 1605 333 1660; x_wconf 86' lang='lat' dir='ltr'><strong>demum</strong></span> <span class='ocrx_word' id='word_1_142' title='bbox 357 1622 470 1674; x_wconf 89' lang='lat' dir='ltr'><strong>operam</strong></span> <span class='ocrx_word' id='word_1_143' title='bbox 493 1605 651 1661; x_wconf 88' lang='lat' dir='ltr'><strong>institutam</strong></span> <span class='ocrx_word' id='word_1_144' title='bbox 680 1625 740 1662; x_wconf 88' lang='lat' dir='ltr'><strong>esse</strong></span> <span class='ocrx_word' id='word_1_145' title='bbox 764 1607 1037 1677; x_wconf 87' lang='lat' dir='ltr'><strong>pinacographicam.</strong></span> <span class='ocrx_word' id='word_1_146' title='bbox 1074 1607 1226 1662; x_wconf 86' lang='lat' dir='ltr'><strong>Praeterea</strong></span> 
     </span>
     <span class='ocr_line' id='line_1_18' title="bbox 52 1677 1223 1747; baseline 0.003 -17"><span class='ocrx_word' id='word_1_147' title='bbox 52 1677 145 1730; x_wconf 91' lang='lat' dir='ltr'><strong>scholii</strong></span> <span class='ocrx_word' id='word_1_148' title='bbox 163 1677 288 1731; x_wconf 89' lang='lat' dir='ltr'><strong>Plautini</strong></span> <span class='ocrx_word' id='word_1_149' title='bbox 311 1677 397 1731; x_wconf 87' lang='lat' dir='ltr'><strong>verba</strong></span> <span class='ocrx_word' id='word_1_150' title='bbox 420 1679 457 1747; x_wconf 89' lang='lat' dir='ltr'><strong>(p.</strong></span> <span class='ocrx_word' id='word_1_151' title='bbox 479 1684 502 1745; x_wconf 86' lang='grc'><strong>6,</strong></span> <span class='ocrx_word' id='word_1_152' title='bbox 523 1684 551 1732; x_wconf 90' lang='lat'><strong>3:</strong></span> <span class='ocrx_word' id='word_1_153' title='bbox 578 1678 780 1735; x_wconf 86' lang='lat' dir='ltr'><strong>‘Callimachus</strong></span> <span class='ocrx_word' id='word_1_154' title='bbox 800 1711 833 1720; x_wconf 90' lang='lat'><em>-</em></span> <span class='ocrx_word' id='word_1_155' title='bbox 854 1679 940 1734; x_wconf 89' lang='lat' dir='ltr'><strong>etiam</strong></span> <span class='ocrx_word' id='word_1_156' title='bbox 964 1677 1081 1747; x_wconf 87' lang='lat' dir='ltr'><strong>singulis</strong></span> <span class='ocrx_word' id='word_1_157' title='bbox 1106 1679 1223 1733; x_wconf 90' lang='lat' dir='ltr'><strong>volumi·</strong></span> 
     </span>
     <span class='ocr_line' id='line_1_19' title="bbox 52 1748 1224 1820; baseline 0.003 -20"><span class='ocrx_word' id='word_1_158' title='bbox 52 1748 128 1801; x_wconf 89' lang='lat' dir='ltr'><strong>nibus</strong></span> <span class='ocrx_word' id='word_1_159' title='bbox 145 1749 244 1802; x_wconf 90' lang='lat' dir='ltr'><strong>titulos</strong></span> <span class='ocrx_word' id='word_1_160' title='bbox 262 1748 428 1817; x_wconf 85' lang='lat' dir='ltr'><strong>inscripsit’,</strong></span> <span class='ocrx_word' id='word_1_161' title='bbox 453 1765 524 1817; x_wconf 86' lang='lat' dir='ltr'><strong>quae</strong></span> <span class='ocrx_word' id='word_1_162' title='bbox 543 1750 673 1818; x_wconf 88' lang='lat' dir='ltr'><strong>equidem</strong></span> <span class='ocrx_word' id='word_1_163' title='bbox 692 1751 848 1805; x_wconf 88' lang='lat' dir='ltr'><strong>versionem</strong></span> <span class='ocrx_word' id='word_1_164' title='bbox 866 1767 965 1820; x_wconf 88' lang='lat' dir='ltr'><strong>parum</strong></span> <span class='ocrx_word' id='word_1_165' title='bbox 985 1751 1148 1804; x_wconf 82' lang='lat' dir='ltr'><strong>adcuratam</strong></span> <span class='ocrx_word' id='word_1_166' title='bbox 1167 1767 1224 1804; x_wconf 89' lang='lat' dir='ltr'><strong>non</strong></span> 
     </span>
     <span class='ocr_line' id='line_1_20' title="bbox 52 1820 1222 1892; baseline 0.003 -20"><span class='ocrx_word' id='word_1_167' title='bbox 52 1824 106 1872; x_wconf 80' lang='lat' dir='ltr'><strong>tam</strong></span> <span class='ocrx_word' id='word_1_168' title='bbox 125 1820 272 1874; x_wconf 86' lang='lat' dir='ltr'><strong>verborum</strong></span> <span class='ocrx_word' id='word_1_169' title='bbox 288 1837 404 1889; x_wconf 90' lang='lat' dir='ltr'><strong>gramm.</strong></span> <span class='ocrx_word' id='word_1_170' title='bbox 418 1820 505 1876; x_wconf 91' lang='lat' dir='ltr'><strong>Paris.</strong></span> <span class='ocrx_word' id='word_1_171' title='bbox 522 1821 561 1892; x_wconf 91' lang='lat' dir='ltr'><strong>[p.</strong></span> <span class='ocrx_word' id='word_1_172' title='bbox 577 1827 602 1886; x_wconf 88' lang='grc'><strong>6,</strong></span> <span class='ocrx_word' id='word_1_173' title='bbox 619 1827 650 1876; x_wconf 84' lang='grc'><strong>16</strong></span> <span class='ocrx_word' id='word_1_174' title='bbox 666 1821 778 1892; x_wconf 90' lang='lat' dir='ltr'><strong>Cram.]‚</strong></span> <span class='ocrx_word' id='word_1_175' title='bbox 800 1822 852 1876; x_wconf 72' lang='lat' dir='ltr'><strong>‘div</strong></span> <span class='ocrx_word' id='word_1_176' title='bbox 871 1824 938 1876; x_wconf 80' lang='grc' dir='ltr'>τοὺ(</span> <span class='ocrx_word' id='word_1_177' title='bbox 951 1821 1068 1876; x_wconf 74' lang='grc' dir='ltr'>πίνακα(</span> <span class='ocrx_word' id='word_1_178' title='bbox 1081 1823 1098 1875; x_wconf 83' lang='grc' dir='ltr'>ὕ</span> <span class='ocrx_word' id='word_1_179' title='bbox 1105 1838 1222 1889; x_wconf 79' lang='grc' dir='ltr'>(τερον</span> 
     </span>
     <span class='ocr_line' id='line_1_21' title="bbox 54 1891 1221 1963; baseline 0.004 -19"><span class='ocrx_word' id='word_1_180' title='bbox 54 1893 77 1945; x_wconf 88' lang='grc' dir='ltr'><strong>Κ.</strong></span> <span class='ocrx_word' id='word_1_181' title='bbox 91 1891 298 1960; x_wconf 87' lang='grc' dir='ltr'>ἀπεγράψατο’</span> <span class='ocrx_word' id='word_1_182' title='bbox 317 1892 369 1962; x_wconf 89' lang='lat' dir='ltr'><strong>[sic</strong></span> <span class='ocrx_word' id='word_1_183' title='bbox 384 1892 457 1945; x_wconf 90' lang='lat' dir='ltr'><strong>enim</strong></span> <span class='ocrx_word' id='word_1_184' title='bbox 472 1892 647 1950; x_wconf 88' lang='lat' dir='ltr'><strong>scribendum</strong></span> <span class='ocrx_word' id='word_1_185' title='bbox 663 1910 723 1947; x_wconf 86' lang='lat' dir='ltr'><strong>esse</strong></span> <span class='ocrx_word' id='word_1_186' title='bbox 738 1894 808 1947; x_wconf 91' lang='lat' dir='ltr'><strong>duco</strong></span> <span class='ocrx_word' id='word_1_187' title='bbox 818 1911 869 1963; x_wconf 92' lang='lat' dir='ltr'><strong>pro</strong></span> <span class='ocrx_word' id='word_1_188' title='bbox 884 1894 1086 1960; x_wconf 81' lang='grc' dir='ltr'>ἐπεγράψατο,</span> <span class='ocrx_word' id='word_1_189' title='bbox 1101 1893 1221 1949; x_wconf 82' lang='lat' dir='ltr'><strong>Meinelx.</strong></span> 
     </span>
     <span class='ocr_line' id='line_1_22' title="bbox 52 1962 1223 2035; baseline 0.003 -21"><span class='ocrx_word' id='word_1_190' title='bbox 52 1963 136 2017; x_wconf 87' lang='lat' dir='ltr'><strong>Praef.</strong></span> <span class='ocrx_word' id='word_1_191' title='bbox 152 1963 188 2016; x_wconf 88' lang='lat' dir='ltr'><strong>ad</strong></span> <span class='ocrx_word' id='word_1_192' title='bbox 204 1963 273 2016; x_wconf 88' lang='lat' dir='ltr'><strong>Call.</strong></span> <span class='ocrx_word' id='word_1_193' title='bbox 289 1963 355 2019; x_wconf 81' lang='lat' dir='ltr'><strong>edit,</strong></span> <span class='ocrx_word' id='word_1_194' title='bbox 371 1962 434 2018; x_wconf 89' lang='lat' dir='ltr'><strong>XV:</strong></span> <span class='ocrx_word' id='word_1_195' title='bbox 454 1963 673 2035; x_wconf 71' lang='lat' dir='ltr'><strong>coveppdpcro]</strong></span> <span class='ocrx_word' id='word_1_196' title='bbox 695 1982 779 2032; x_wconf 87' lang='lat' dir='ltr'><strong>quam</strong></span> <span class='ocrx_word' id='word_1_197' title='bbox 793 1964 972 2018; x_wconf 88' lang='lat' dir='ltr'><strong>Ambrosiani</strong></span> <span class='ocrx_word' id='word_1_198' title='bbox 986 1981 1039 2017; x_wconf 90' lang='lat' dir='ltr'><strong>sec.</strong></span> <span class='ocrx_word' id='word_1_199' title='bbox 1055 1965 1107 2032; x_wconf 82' lang='grc' dir='ltr'><strong>(ὧν</strong></span> <span class='ocrx_word' id='word_1_200' title='bbox 1122 1964 1223 2030; x_wconf 79' lang='grc' dir='ltr'>βίβλων</span> 
     </span>
    </p>
   </div>
   <div class='ocr_carea' id='block_1_10' title="bbox 15 2034 1221 2104">
    <p class='ocr_par' dir='ltr' id='par_1_11' title="bbox 15 2034 1221 2104">
     <span class='ocr_line' id='line_1_23' title="bbox 15 2034 1221 2104; baseline 0.002 -17"><span class='ocrx_word' id='word_1_201' title='bbox 15 2063 16 2080; x_wconf 70' lang='lat'><em>2</em></span> <span class='ocrx_word' id='word_1_202' title='bbox 52 2036 114 2088; x_wconf 76' lang='lat' dir='ltr'><strong>rob(</strong></span> <span class='ocrx_word' id='word_1_203' title='bbox 125 2052 153 2088; x_wconf 85' lang='grc' dir='ltr'><strong>π.</strong></span> <span class='ocrx_word' id='word_1_204' title='bbox 165 2036 192 2088; x_wconf 91' lang='grc' dir='ltr'><strong>Κ,</strong></span> <span class='ocrx_word' id='word_1_205' title='bbox 204 2034 403 2101; x_wconf 85' lang='grc' dir='ltr'>ἀπεγράψατο</span> <span class='ocrx_word' id='word_1_206' title='bbox 424 2051 482 2088; x_wconf 89' lang='lat' dir='ltr'><strong>esse</strong></span> <span class='ocrx_word' id='word_1_207' title='bbox 500 2036 610 2104; x_wconf 89' lang='lat' dir='ltr'><strong>censeo)</strong></span> <span class='ocrx_word' id='word_1_208' title='bbox 626 2036 743 2089; x_wconf 86' lang='lat' dir='ltr'><strong>adfatim</strong></span> <span class='ocrx_word' id='word_1_209' title='bbox 759 2036 859 2090; x_wconf 89' lang='lat' dir='ltr'><strong>docent</strong></span> <span class='ocrx_word' id='word_1_210' title='bbox 873 2036 983 2104; x_wconf 90' lang='lat' dir='ltr'><strong>singula</strong></span> <span class='ocrx_word' id='word_1_211' title='bbox 998 2035 1142 2089; x_wconf 89' lang='lat' dir='ltr'><strong>volumina</strong></span> <span class='ocrx_word' id='word_1_212' title='bbox 1156 2038 1221 2090; x_wconf 87' lang='lat' dir='ltr'><strong>ante</strong></span> 
     </span>
    </p>
   </div>
   <div class='ocr_carea' id='block_1_11' title="bbox 53 2104 1223 2602">
    <p class='ocr_par' dir='ltr' id='par_1_12' title="bbox 53 2104 1223 2602">
     <span class='ocr_line' id='line_1_24' title="bbox 54 2104 1223 2190; baseline 0.003 -33"><span class='ocrx_word' id='word_1_213' title='bbox 54 2104 215 2185; x_wconf 86' lang='lat' dir='ltr'><strong>Callimachi</strong></span> <span class='ocrx_word' id='word_1_214' title='bbox 234 2123 348 2175; x_wconf 89' lang='lat' dir='ltr'><strong>operam</strong></span> <span class='ocrx_word' id='word_1_215' title='bbox 363 2107 399 2160; x_wconf 86' lang='lat' dir='ltr'><strong>ad</strong></span> <span class='ocrx_word' id='word_1_216' title='bbox 413 2106 530 2188; x_wconf 76' lang='grc' dir='ltr'>πίνακα(</span> <span class='ocrx_word' id='word_1_217' title='bbox 542 2107 665 2188; x_wconf 82' lang='lat' dir='ltr'><strong>nondum</strong></span> <span class='ocrx_word' id='word_1_218' title='bbox 680 2107 771 2161; x_wconf 88' lang='lat' dir='ltr'><strong>relata</strong></span> <span class='ocrx_word' id='word_1_219' title='bbox 784 2107 831 2161; x_wconf 85' lang='lat' dir='ltr'><strong>sed</strong></span> <span class='ocrx_word' id='word_1_220' title='bbox 847 2107 984 2176; x_wconf 88' lang='lat' dir='ltr'><strong>disposita</strong></span> <span class='ocrx_word' id='word_1_221' title='bbox 998 2108 1108 2188; x_wconf 79' lang='lat' dir='ltr'><strong>tantum</strong></span> <span class='ocrx_word' id='word_1_222' title='bbox 1122 2105 1223 2190; x_wconf 77' lang='lat' dir='ltr'><strong>fuisse:</strong></span> 
     </span>
     <span class='ocr_line' id='line_1_25' title="bbox 53 2177 1222 2318; baseline 0.006 -21"><span class='ocrx_word' id='word_1_223' title='bbox 53 2177 520 2314; x_wconf 59' lang='lat' dir='ltr'><strong>tatttdtttttstitit</strong></span> <span class='ocrx_word' id='word_1_224' title='bbox 536 2178 1222 2318; x_wconf 51' lang='grc'>1761117111111176161676667</span> 
     </span>
     <span class='ocr_line' id='line_1_26' title="bbox 53 2319 1221 2390; baseline 0.004 -21"><span class='ocrx_word' id='word_1_225' title='bbox 53 2323 80 2370; x_wconf 84' lang='lat' dir='ltr'><strong>ut</strong></span> <span class='ocrx_word' id='word_1_226' title='bbox 110 2319 299 2375; x_wconf 87' lang='lat' dir='ltr'><strong>bibliothecae</strong></span> <span class='ocrx_word' id='word_1_227' title='bbox 326 2319 532 2374; x_wconf 85' lang='lat' dir='ltr'><strong>Alexandrinae</strong></span> <span class='ocrx_word' id='word_1_228' title='bbox 561 2321 706 2390; x_wconf 82' lang='lat' dir='ltr'><strong>catalogos</strong></span> <span class='ocrx_word' id='word_1_229' title='bbox 735 2320 858 2374; x_wconf 87' lang='lat' dir='ltr'><strong>diversos</strong></span> <span class='ocrx_word' id='word_1_230' title='bbox 887 2319 972 2374; x_wconf 88' lang='lat' dir='ltr'><strong>fuisse</strong></span> <span class='ocrx_word' id='word_1_231' title='bbox 1001 2320 1177 2374; x_wconf 88' lang='lat' dir='ltr'><strong>existumarit</strong></span> <span class='ocrx_word' id='word_1_232' title='bbox 1204 2339 1221 2374; x_wconf 91' lang='lat' dir='ltr'><strong>a</strong></span> 
     </span>
     <span class='ocr_line' id='line_1_27' title="bbox 54 2389 1221 2459; baseline 0.004 -18"><span class='ocrx_word' id='word_1_233' title='bbox 54 2389 213 2445; x_wconf 88' lang='lat' dir='ltr'><strong>Callimachi</strong></span> <span class='ocrx_word' id='word_1_234' title='bbox 231 2392 347 2458; x_wconf 82' lang='grc' dir='ltr'>πίναξιν,</span> <span class='ocrx_word' id='word_1_235' title='bbox 366 2391 512 2459; x_wconf 89' lang='lat' dir='ltr'><strong>inquibus</strong></span> <span class='ocrx_word' id='word_1_236' title='bbox 531 2391 738 2446; x_wconf 87' lang='lat' dir='ltr'><strong>conscribendis</strong></span> <span class='ocrx_word' id='word_1_237' title='bbox 759 2393 823 2445; x_wconf 90' lang='lat' dir='ltr'><strong>illos</strong></span> <span class='ocrx_word' id='word_1_238' title='bbox 843 2391 1010 2445; x_wconf 87' lang='lat' dir='ltr'><strong>adhibuerit.</strong></span> <span class='ocrx_word' id='word_1_239' title='bbox 1043 2389 1102 2444; x_wconf 87' lang='lat' dir='ltr'><strong>Nec</strong></span> <span class='ocrx_word' id='word_1_240' title='bbox 1122 2393 1221 2446; x_wconf 87' lang='lat' dir='ltr'><strong>ceteris</strong></span> 
     </span>
     <span class='ocr_line' id='line_1_28' title="bbox 54 2460 1220 2532; baseline 0.003 -19"><span class='ocrx_word' id='word_1_241' title='bbox 54 2460 158 2528; x_wconf 90' lang='lat' dir='ltr'><strong>quidem</strong></span> <span class='ocrx_word' id='word_1_242' title='bbox 176 2461 351 2532; x_wconf 85' lang='lat' dir='ltr'><strong>argumentis</strong></span> <span class='ocrx_word' id='word_1_243' title='bbox 370 2462 399 2516; x_wconf 89' lang='lat' dir='ltr'><strong>id</strong></span> <span class='ocrx_word' id='word_1_244' title='bbox 418 2463 488 2515; x_wconf 91' lang='lat' dir='ltr'><strong>mihi</strong></span> <span class='ocrx_word' id='word_1_245' title='bbox 506 2463 645 2531; x_wconf 88' lang='lat' dir='ltr'><strong>persuasit</strong></span> <span class='ocrx_word' id='word_1_246' title='bbox 659 2462 843 2517; x_wconf 82' lang='lat' dir='ltr'><strong>Schneiderus</strong></span> <span class='ocrx_word' id='word_1_247' title='bbox 858 2464 895 2532; x_wconf 92' lang='lat' dir='ltr'><strong>(p.</strong></span> <span class='ocrx_word' id='word_1_248' title='bbox 910 2467 961 2516; x_wconf 85' lang='lat'><strong>303</strong></span> <span class='ocrx_word' id='word_1_249' title='bbox 977 2462 1037 2530; x_wconf 66' lang='lat' dir='ltr'><strong>sep),</strong></span> <span class='ocrx_word' id='word_1_250' title='bbox 1057 2479 1118 2516; x_wconf 90' lang='lat' dir='ltr'><strong>cum</strong></span> <span class='ocrx_word' id='word_1_251' title='bbox 1136 2462 1220 2516; x_wconf 88' lang='lat' dir='ltr'><strong>Calli-</strong></span> 
     </span>
     <span class='ocr_line' id='line_1_29' title="bbox 53 2532 1220 2602; baseline 0.002 -17"><span class='ocrx_word' id='word_1_252' title='bbox 53 2534 176 2587; x_wconf 88' lang='lat' dir='ltr'><strong>machum</strong></span> <span class='ocrx_word' id='word_1_253' title='bbox 186 2533 345 2588; x_wconf 87' lang='lat' dir='ltr'><strong>litterarum</strong></span> <span class='ocrx_word' id='word_1_254' title='bbox 355 2534 501 2587; x_wconf 88' lang='lat' dir='ltr'><strong>historiam</strong></span> <span class='ocrx_word' id='word_1_255' title='bbox 513 2534 630 2587; x_wconf 90' lang='lat' dir='ltr'><strong>condere</strong></span> <span class='ocrx_word' id='word_1_256' title='bbox 642 2533 760 2587; x_wconf 89' lang='lat' dir='ltr'><strong>voluisse</strong></span> <span class='ocrx_word' id='word_1_257' title='bbox 775 2535 923 2602; x_wconf 87' lang='lat' dir='ltr'><strong>probatum</strong></span> <span class='ocrx_word' id='word_1_258' title='bbox 933 2532 995 2589; x_wconf 87' lang='lat' dir='ltr'><strong>iret.</strong></span> <span class='ocrx_word' id='word_1_259' title='bbox 1020 2533 1095 2586; x_wconf 89' lang='lat' dir='ltr'><strong>Num</strong></span> <span class='ocrx_word' id='word_1_260' title='bbox 1104 2534 1220 2587; x_wconf 87' lang='lat' dir='ltr'><strong>tandem</strong></span> 
     </span>
    </p>
   </div>
   <div class='ocr_carea' id='block_1_12' title="bbox 15 2603 1221 2676">
    <p class='ocr_par' dir='ltr' id='par_1_13' title="bbox 15 2603 1221 2676">
     <span class='ocr_line' id='line_1_30' title="bbox 15 2603 1221 2676; baseline 0.002 -21"><span class='ocrx_word' id='word_1_261' title='bbox 15 2607 17 2676; x_wconf 67' lang='lat' dir='ltr'><strong>l</strong></span> <span class='ocrx_word' id='word_1_262' title='bbox 52 2603 110 2657; x_wconf 88' lang='lat' dir='ltr'><strong>iuda</strong></span> <span class='ocrx_word' id='word_1_263' title='bbox 128 2605 203 2673; x_wconf 89' lang='lat' dir='ltr'><strong>quod</strong></span> <span class='ocrx_word' id='word_1_264' title='bbox 221 2605 302 2660; x_wconf 80' lang='grc' dir='ltr'>πίναξ</span> <span class='ocrx_word' id='word_1_265' title='bbox 316 2611 374 2660; x_wconf 83' lang='grc' dir='ltr'><strong>τῶν</strong></span> <span class='ocrx_word' id='word_1_266' title='bbox 391 2605 562 2659; x_wconf 67' lang='lat' dir='ltr'><strong>diocesanos</strong></span> <span class='ocrx_word' id='word_1_267' title='bbox 576 2606 647 2659; x_wconf 84' lang='grc' dir='ltr'>κατὰ</span> <span class='ocrx_word' id='word_1_268' title='bbox 661 2607 779 2672; x_wconf 81' lang='grc' dir='ltr'>χρόνον(</span> <span class='ocrx_word' id='word_1_269' title='bbox 793 2604 944 2674; x_wconf 91' lang='lat' dir='ltr'><strong>dispositus</strong></span> <span class='ocrx_word' id='word_1_270' title='bbox 959 2605 1045 2658; x_wconf 88' lang='lat' dir='ltr'><strong>fuisse</strong></span> <span class='ocrx_word' id='word_1_271' title='bbox 1058 2605 1221 2674; x_wconf 89' lang='lat' dir='ltr'><strong>perhibetur</strong></span> 
     </span>
    </p>
   </div>
   <div class='ocr_carea' id='block_1_13' title="bbox 15 2683 17 2716">
    <p class='ocr_par' dir='ltr' id='par_1_14' title="bbox 15 2683 17 2716">
     <span class='ocr_line' id='line_1_31' title="bbox 15 2683 17 2716; baseline 0 0"><span class='ocrx_word' id='word_1_272' title='bbox 15 2683 17 2716; x_wconf 89' lang='grc'><strong>1</strong></span> 
     </span>
    </p>
   </div>
   <div class='ocr_carea' id='block_1_14' title="bbox 52 2675 1221 4384">
    <p class='ocr_par' dir='ltr' id='par_1_15' title="bbox 52 2675 1221 4384">
     <span class='ocr_line' id='line_1_32' title="bbox 54 2675 1220 2746; baseline 0.001 -17"><span class='ocrx_word' id='word_1_273' title='bbox 54 2692 98 2741; x_wconf 87' lang='lat' dir='ltr'><strong>pro</strong></span> <span class='ocrx_word' id='word_1_274' title='bbox 117 2679 193 2730; x_wconf 84' lang='lat' dir='ltr'><strong>certo</strong></span> <span class='ocrx_word' id='word_1_275' title='bbox 211 2676 282 2730; x_wconf 88' lang='lat' dir='ltr'><strong>licet</strong></span> <span class='ocrx_word' id='word_1_276' title='bbox 299 2677 440 2746; x_wconf 86' lang='lat' dir='ltr'><strong>conligere</strong></span> <span class='ocrx_word' id='word_1_277' title='bbox 465 2677 496 2729; x_wconf 90' lang='lat' dir='ltr'><strong>in</strong></span> <span class='ocrx_word' id='word_1_278' title='bbox 518 2675 631 2730; x_wconf 89' lang='lat' dir='ltr'><strong>relicuis</strong></span> <span class='ocrx_word' id='word_1_279' title='bbox 656 2675 838 2745; x_wconf 88' lang='lat' dir='ltr'><strong>scriptoribus</strong></span> <span class='ocrx_word' id='word_1_280' title='bbox 856 2675 1024 2730; x_wconf 87' lang='lat' dir='ltr'><strong>adornandis</strong></span> <span class='ocrx_word' id='word_1_281' title='bbox 1043 2676 1161 2730; x_wconf 89' lang='lat' dir='ltr'><strong>eandem</strong></span> <span class='ocrx_word' id='word_1_282' title='bbox 1178 2677 1220 2730; x_wconf 91' lang='lat' dir='ltr'><strong>iu-</strong></span> 
     </span>
     <span class='ocr_line' id='line_1_33' title="bbox 53 2746 1220 2817; baseline 0.003 -19"><span class='ocrx_word' id='word_1_283' title='bbox 53 2747 166 2802; x_wconf 87' lang='lat' dir='ltr'><strong>valuisse</strong></span> <span class='ocrx_word' id='word_1_284' title='bbox 185 2749 324 2802; x_wconf 86' lang='lat' dir='ltr'><strong>rationem</strong></span> <span class='ocrx_word' id='word_1_285' title='bbox 344 2747 589 2817; x_wconf 82' lang='lat' dir='ltr'><strong>chronologicam?</strong></span> <span class='ocrx_word' id='word_1_286' title='bbox 625 2748 713 2801; x_wconf 91' lang='lat' dir='ltr'><strong>Immo</strong></span> <span class='ocrx_word' id='word_1_287' title='bbox 737 2747 767 2801; x_wconf 90' lang='lat' dir='ltr'><strong>ni</strong></span> <span class='ocrx_word' id='word_1_288' title='bbox 791 2746 885 2801; x_wconf 88' lang='lat' dir='ltr'><strong>omnia</strong></span> <span class='ocrx_word' id='word_1_289' title='bbox 907 2746 1012 2800; x_wconf 89' lang='lat' dir='ltr'><strong>fallunt</strong></span> <span class='ocrx_word' id='word_1_290' title='bbox 1030 2763 1064 2800; x_wconf 90' lang='lat' dir='ltr'><strong>ex</strong></span> <span class='ocrx_word' id='word_1_291' title='bbox 1082 2747 1220 2816; x_wconf 84' lang='lat' dir='ltr'><strong>peculiaii</strong></span> 
     </span>
     <span class='ocr_line' id='line_1_34' title="bbox 53 2817 1221 2888; baseline 0.005 -21"><span class='ocrx_word' id='word_1_292' title='bbox 53 2817 95 2872; x_wconf 90' lang='lat' dir='ltr'><strong>illo</strong></span> <span class='ocrx_word' id='word_1_293' title='bbox 114 2819 276 2874; x_wconf 88' lang='lat' dir='ltr'><strong>testimonio</strong></span> <span class='ocrx_word' id='word_1_294' title='bbox 296 2819 467 2873; x_wconf 87' lang='lat' dir='ltr'><strong>contrarium</strong></span> <span class='ocrx_word' id='word_1_295' title='bbox 486 2818 559 2873; x_wconf 88' lang='lat' dir='ltr'><strong>effici</strong></span> <span class='ocrx_word' id='word_1_296' title='bbox 573 2820 673 2888; x_wconf 88' lang='lat' dir='ltr'><strong>potest.</strong></span> <span class='ocrx_word' id='word_1_297' title='bbox 708 2818 763 2872; x_wconf 83' lang='lat' dir='ltr'><strong>Sed</strong></span> <span class='ocrx_word' id='word_1_298' title='bbox 777 2817 889 2872; x_wconf 91' lang='lat' dir='ltr'><strong>omnino</strong></span> <span class='ocrx_word' id='word_1_299' title='bbox 904 2819 1028 2886; x_wconf 89' lang='lat' dir='ltr'><strong>nondum</strong></span> <span class='ocrx_word' id='word_1_300' title='bbox 1041 2822 1221 2888; x_wconf 89' lang='lat' dir='ltr'><strong>perspectum</strong></span> 
     </span>
     <span class='ocr_line' id='line_1_35' title="bbox 54 2889 1220 2959; baseline 0.003 -18"><span class='ocrx_word' id='word_1_301' title='bbox 54 2891 89 2942; x_wconf 88' lang='lat' dir='ltr'><strong>est</strong></span> <span class='ocrx_word' id='word_1_302' title='bbox 107 2890 197 2958; x_wconf 91' lang='lat' dir='ltr'><strong>qualis</strong></span> <span class='ocrx_word' id='word_1_303' title='bbox 217 2889 303 2945; x_wconf 85' lang='lat' dir='ltr'><strong>fuerit</strong></span> <span class='ocrx_word' id='word_1_304' title='bbox 321 2890 428 2944; x_wconf 92' lang='lat' dir='ltr'><strong>indoles</strong></span> <span class='ocrx_word' id='word_1_305' title='bbox 447 2889 530 2943; x_wconf 91' lang='lat' dir='ltr'><strong>huius</strong></span> <span class='ocrx_word' id='word_1_306' title='bbox 555 2890 725 2944; x_wconf 77' lang='grc' dir='ltr'>διδαεκάλων</span> <span class='ocrx_word' id='word_1_307' title='bbox 749 2889 874 2959; x_wconf 89' lang='lat' dir='ltr'><strong>catalogi</strong></span> <span class='ocrx_word' id='word_1_308' title='bbox 892 2906 909 2943; x_wconf 92' lang='lat' dir='ltr'><strong>a</strong></span> <span class='ocrx_word' id='word_1_309' title='bbox 929 2889 1016 2943; x_wconf 85' lang='lat' dir='ltr'><strong>Suida</strong></span> <span class='ocrx_word' id='word_1_310' title='bbox 1034 2906 1159 2944; x_wconf 89' lang='lat' dir='ltr'><strong>seorsum</strong></span> <span class='ocrx_word' id='word_1_311' title='bbox 1177 2908 1220 2945; x_wconf 89' lang='lat' dir='ltr'><strong>re·</strong></span> 
     </span>
     <span class='ocr_line' id='line_1_36' title="bbox 54 2961 1220 3030; baseline 0.004 -19"><span class='ocrx_word' id='word_1_312' title='bbox 54 2961 156 3028; x_wconf 80' lang='lat' dir='ltr'><strong>censiti3</strong></span> <span class='ocrx_word' id='word_1_313' title='bbox 180 2962 277 3016; x_wconf 91' lang='lat' dir='ltr'><strong>tamen</strong></span> <span class='ocrx_word' id='word_1_314' title='bbox 299 2979 356 3016; x_wconf 91' lang='lat' dir='ltr'><strong>non</strong></span> <span class='ocrx_word' id='word_1_315' title='bbox 379 2961 475 3030; x_wconf 86' lang='lat' dir='ltr'><strong>inepte</strong></span> <span class='ocrx_word' id='word_1_316' title='bbox 495 2961 629 3030; x_wconf 91' lang='lat' dir='ltr'><strong>suspicari</strong></span> <span class='ocrx_word' id='word_1_317' title='bbox 646 2979 794 3030; x_wconf 90' lang='lat' dir='ltr'><strong>possumus</strong></span> <span class='ocrx_word' id='word_1_318' title='bbox 812 2961 866 3015; x_wconf 90' lang='lat' dir='ltr'><strong>hcc</strong></span> <span class='ocrx_word' id='word_1_319' title='bbox 883 2961 974 3029; x_wconf 88' lang='lat' dir='ltr'><strong>ipsum</strong></span> <span class='ocrx_word' id='word_1_320' title='bbox 995 2977 1065 3030; x_wconf 89' lang='lat' dir='ltr'><strong>opus</strong></span> <span class='ocrx_word' id='word_1_321' title='bbox 1084 2977 1102 3014; x_wconf 91' lang='lat' dir='ltr'><strong>a</strong></span> <span class='ocrx_word' id='word_1_322' title='bbox 1120 2962 1220 3016; x_wconf 89' lang='lat' dir='ltr'><strong>ceteris</strong></span> 
     </span>
     <span class='ocr_line' id='line_1_37' title="bbox 54 3030 1220 3102; baseline 0.003 -19"><span class='ocrx_word' id='word_1_323' title='bbox 54 3033 181 3102; x_wconf 84' lang='lat' dir='ltr'><strong>catalogis</strong></span> <span class='ocrx_word' id='word_1_324' title='bbox 205 3033 364 3087; x_wconf 87' lang='lat' dir='ltr'><strong>seiunctum</strong></span> <span class='ocrx_word' id='word_1_325' title='bbox 387 3033 486 3098; x_wconf 88' lang='lat' dir='ltr'><strong>fuisse,</strong></span> <span class='ocrx_word' id='word_1_326' title='bbox 515 3049 570 3100; x_wconf 90' lang='lat' dir='ltr'><strong>quo</strong></span> <span class='ocrx_word' id='word_1_327' title='bbox 594 3033 708 3102; x_wconf 88' lang='lat' dir='ltr'><strong>quidem</strong></span> <span class='ocrx_word' id='word_1_328' title='bbox 731 3031 919 3088; x_wconf 88' lang='lat' dir='ltr'><strong>Callimachus</strong></span> <span class='ocrx_word' id='word_1_329' title='bbox 943 3030 1121 3086; x_wconf 87' lang='lat' dir='ltr'><strong>didascalicis</strong></span> <span class='ocrx_word' id='word_1_330' title='bbox 1148 3033 1220 3088; x_wconf 91' lang='lat' dir='ltr'><strong>curis</strong></span> 
     </span>
     <span class='ocr_line' id='line_1_38' title="bbox 55 3103 1219 3173; baseline 0.004 -19"><span class='ocrx_word' id='word_1_331' title='bbox 55 3103 206 3158; x_wconf 77' lang='lat' dir='ltr'><strong>Aristotelis</strong></span> <span class='ocrx_word' id='word_1_332' title='bbox 219 3103 448 3173; x_wconf 87' lang='lat' dir='ltr'><strong>locupletissimis</strong></span> <span class='ocrx_word' id='word_1_333' title='bbox 458 3103 570 3158; x_wconf 87' lang='lat' dir='ltr'><strong>adiutus</strong></span> <span class='ocrx_word' id='word_1_334' title='bbox 579 3104 750 3172; x_wconf 89' lang='lat' dir='ltr'><strong>peculiarem</strong></span> <span class='ocrx_word' id='word_1_335' title='bbox 765 3103 957 3158; x_wconf 76' lang='lat' dir='ltr'><strong>scaenicorum</strong></span> <span class='ocrx_word' id='word_1_336' title='bbox 971 3105 1120 3172; x_wconf 84' lang='lat' dir='ltr'><strong>poetarum</strong></span> <span class='ocrx_word' id='word_1_337' title='bbox 1132 3103 1219 3159; x_wconf 87' lang='lat' dir='ltr'><strong>histo·</strong></span> 
     </span>
     <span class='ocr_line' id='line_1_39' title="bbox 53 3173 1221 3245; baseline 0.005 -21"><span class='ocrx_word' id='word_1_338' title='bbox 53 3174 115 3228; x_wconf 85' lang='lat' dir='ltr'><strong>riam</strong></span> <span class='ocrx_word' id='word_1_339' title='bbox 134 3175 370 3245; x_wconf 89' lang='lat' dir='ltr'><strong>conprehendisse</strong></span> <span class='ocrx_word' id='word_1_340' title='bbox 389 3175 509 3231; x_wconf 87' lang='lat' dir='ltr'><strong>videtur.</strong></span> <span class='ocrx_word' id='word_1_341' title='bbox 546 3176 638 3244; x_wconf 82' lang='lat' dir='ltr'><strong>Atque</strong></span> <span class='ocrx_word' id='word_1_342' title='bbox 662 3176 715 3229; x_wconf 93' lang='lat' dir='ltr'><strong>hoc</strong></span> <span class='ocrx_word' id='word_1_343' title='bbox 738 3176 830 3244; x_wconf 91' lang='lat' dir='ltr'><strong>ipsum</strong></span> <span class='ocrx_word' id='word_1_344' title='bbox 854 3173 909 3228; x_wconf 87' lang='lat' dir='ltr'><strong>fuit</strong></span> <span class='ocrx_word' id='word_1_345' title='bbox 931 3191 986 3243; x_wconf 92' lang='lat' dir='ltr'><strong>quo</strong></span> <span class='ocrx_word' id='word_1_346' title='bbox 1006 3174 1087 3228; x_wconf 92' lang='lat' dir='ltr'><strong>huius</strong></span> <span class='ocrx_word' id='word_1_347' title='bbox 1105 3175 1221 3230; x_wconf 74' lang='grc' dir='ltr'>πίνακα(</span> 
     </span>
     <span class='ocr_line' id='line_1_40' title="bbox 53 3245 1219 3316; baseline 0.005 -22"><span class='ocrx_word' id='word_1_348' title='bbox 53 3246 115 3300; x_wconf 88' lang='lat' dir='ltr'><strong>ratio</strong></span> <span class='ocrx_word' id='word_1_349' title='bbox 139 3263 156 3300; x_wconf 87' lang='lat' dir='ltr'><strong>a</strong></span> <span class='ocrx_word' id='word_1_350' title='bbox 181 3247 282 3300; x_wconf 85' lang='lat' dir='ltr'><strong>ceteris</strong></span> <span class='ocrx_word' id='word_1_351' title='bbox 306 3246 390 3316; x_wconf 90' lang='lat' dir='ltr'><strong>longe</strong></span> <span class='ocrx_word' id='word_1_352' title='bbox 417 3245 572 3301; x_wconf 86' lang='lat' dir='ltr'><strong>differebat.</strong></span> <span class='ocrx_word' id='word_1_353' title='bbox 614 3246 721 3300; x_wconf 87' lang='lat' dir='ltr'><strong>Horum</strong></span> <span class='ocrx_word' id='word_1_354' title='bbox 745 3247 840 3300; x_wconf 89' lang='lat' dir='ltr'><strong>autem</strong></span> <span class='ocrx_word' id='word_1_355' title='bbox 869 3246 992 3300; x_wconf 89' lang='lat' dir='ltr'><strong>indolem</strong></span> <span class='ocrx_word' id='word_1_356' title='bbox 1016 3262 1033 3299; x_wconf 87' lang='lat' dir='ltr'><strong>a</strong></span> <span class='ocrx_word' id='word_1_357' title='bbox 1060 3250 1219 3300; x_wconf 88' lang='lat' dir='ltr'><strong>nostrorum</strong></span> 
     </span>
     <span class='ocr_line' id='line_1_41' title="bbox 53 3315 1219 3388; baseline 0.004 -21"><span class='ocrx_word' id='word_1_358' title='bbox 53 3317 238 3388; x_wconf 87' lang='lat' dir='ltr'><strong>catalogorum</strong></span> <span class='ocrx_word' id='word_1_359' title='bbox 257 3317 404 3372; x_wconf 89' lang='lat' dir='ltr'><strong>ieiunitate</strong></span> <span class='ocrx_word' id='word_1_360' title='bbox 424 3317 512 3371; x_wconf 89' lang='lat' dir='ltr'><strong>multo</strong></span> <span class='ocrx_word' id='word_1_361' title='bbox 532 3316 635 3372; x_wconf 87' lang='lat' dir='ltr'><strong>afuisse</strong></span> <span class='ocrx_word' id='word_1_362' title='bbox 654 3317 796 3373; x_wconf 89' lang='lat' dir='ltr'><strong>sciendum</strong></span> <span class='ocrx_word' id='word_1_363' title='bbox 811 3319 861 3372; x_wconf 86' lang='lat' dir='ltr'><strong>est.</strong></span> <span class='ocrx_word' id='word_1_364' title='bbox 894 3316 960 3370; x_wconf 89' lang='lat' dir='ltr'><strong>Inde</strong></span> <span class='ocrx_word' id='word_1_365' title='bbox 980 3315 1066 3371; x_wconf 89' lang='lat' dir='ltr'><strong>etiam</strong></span> <span class='ocrx_word' id='word_1_366' title='bbox 1083 3317 1155 3371; x_wconf 92' lang='lat' dir='ltr'><strong>illud</strong></span> <span class='ocrx_word' id='word_1_367' title='bbox 1174 3334 1219 3372; x_wconf 87' lang='lat' dir='ltr'><strong>ex-</strong></span> 
     </span>
     <span class='ocr_line' id='line_1_42' title="bbox 53 3387 1218 3458; baseline 0.003 -20"><span class='ocrx_word' id='word_1_368' title='bbox 53 3387 165 3453; x_wconf 89' lang='lat' dir='ltr'><strong>plicatur</strong></span> <span class='ocrx_word' id='word_1_369' title='bbox 189 3389 266 3457; x_wconf 86' lang='lat' dir='ltr'><strong>quod</strong></span> <span class='ocrx_word' id='word_1_370' title='bbox 290 3389 478 3443; x_wconf 88' lang='lat' dir='ltr'><strong>Callimachus</strong></span> <span class='ocrx_word' id='word_1_371' title='bbox 506 3388 678 3458; x_wconf 86' lang='lat' dir='ltr'><strong>singulorum</strong></span> <span class='ocrx_word' id='word_1_372' title='bbox 701 3391 847 3444; x_wconf 87' lang='lat' dir='ltr'><strong>auctorum</strong></span> <span class='ocrx_word' id='word_1_373' title='bbox 869 3387 1030 3442; x_wconf 89' lang='lat' dir='ltr'><strong>nominibus</strong></span> <span class='ocrx_word' id='word_1_374' title='bbox 1057 3387 1156 3442; x_wconf 86' lang='lat' dir='ltr'><strong>breves</strong></span> <span class='ocrx_word' id='word_1_375' title='bbox 1184 3389 1218 3442; x_wconf 92' lang='lat' dir='ltr'><strong>de</strong></span> 
     </span>
     <span class='ocr_line' id='line_1_43' title="bbox 53 3457 1217 3515; baseline 0.005 -7"><span class='ocrx_word' id='word_1_376' title='bbox 53 3459 104 3513; x_wconf 84' lang='lat' dir='ltr'><strong>vita</strong></span> <span class='ocrx_word' id='word_1_377' title='bbox 125 3460 248 3515; x_wconf 82' lang='lat' dir='ltr'><strong>subiecit</strong></span> <span class='ocrx_word' id='word_1_378' title='bbox 269 3460 437 3515; x_wconf 88' lang='lat' dir='ltr'><strong>notationes.</strong></span> <span class='ocrx_word' id='word_1_379' title='bbox 475 3459 582 3514; x_wconf 86' lang='lat' dir='ltr'><strong>Tamen</strong></span> <span class='ocrx_word' id='word_1_380' title='bbox 604 3461 658 3514; x_wconf 89' lang='lat' dir='ltr'><strong>hoc</strong></span> <span class='ocrx_word' id='word_1_381' title='bbox 681 3479 781 3515; x_wconf 88' lang='lat' dir='ltr'><strong>munus</strong></span> <span class='ocrx_word' id='word_1_382' title='bbox 806 3459 953 3513; x_wconf 84' lang='lat' dir='ltr'><strong>artissimis</strong></span> <span class='ocrx_word' id='word_1_383' title='bbox 978 3457 1117 3512; x_wconf 88' lang='lat' dir='ltr'><strong>limitibus</strong></span> <span class='ocrx_word' id='word_1_384' title='bbox 1142 3476 1217 3514; x_wconf 90' lang='lat' dir='ltr'><strong>coer-</strong></span> 
     </span>
     <span class='ocr_line' id='line_1_44' title="bbox 52 3528 1216 3600; baseline 0.004 -21"><span class='ocrx_word' id='word_1_385' title='bbox 52 3529 129 3584; x_wconf 87' lang='lat' dir='ltr'><strong>citum</strong></span> <span class='ocrx_word' id='word_1_386' title='bbox 154 3535 215 3586; x_wconf 89' lang='lat' dir='ltr'><strong>erat</strong></span> <span class='ocrx_word' id='word_1_387' title='bbox 239 3548 292 3586; x_wconf 88' lang='lat' dir='ltr'><strong>nec</strong></span> <span class='ocrx_word' id='word_1_388' title='bbox 314 3534 373 3585; x_wconf 91' lang='lat' dir='ltr'><strong>tam</strong></span> <span class='ocrx_word' id='word_1_389' title='bbox 396 3533 455 3585; x_wconf 90' lang='lat' dir='ltr'><strong>late</strong></span> <span class='ocrx_word' id='word_1_390' title='bbox 478 3531 600 3598; x_wconf 87' lang='lat' dir='ltr'><strong>patuisse</strong></span> <span class='ocrx_word' id='word_1_391' title='bbox 623 3531 734 3585; x_wconf 88' lang='lat' dir='ltr'><strong>videtur</strong></span> <span class='ocrx_word' id='word_1_392' title='bbox 759 3548 843 3600; x_wconf 90' lang='lat' dir='ltr'><strong>quam</strong></span> <span class='ocrx_word' id='word_1_393' title='bbox 867 3528 1035 3585; x_wconf 82' lang='lat' dir='ltr'><strong>Schneidero</strong></span> <span class='ocrx_word' id='word_1_394' title='bbox 1054 3531 1147 3584; x_wconf 87' lang='lat' dir='ltr'><strong>visum</strong></span> <span class='ocrx_word' id='word_1_395' title='bbox 1167 3534 1216 3598; x_wconf 89' lang='lat' dir='ltr'><strong>est,</strong></span> 
     </span>
     <span class='ocr_line' id='line_1_45' title="bbox 53 3600 1217 3671; baseline 0.002 -18"><span class='ocrx_word' id='word_1_396' title='bbox 53 3616 98 3667; x_wconf 82' lang='lat' dir='ltr'><strong>quo</strong></span> <span class='ocrx_word' id='word_1_397' title='bbox 116 3621 196 3657; x_wconf 89' lang='lat' dir='ltr'><strong>suam</strong></span> <span class='ocrx_word' id='word_1_398' title='bbox 216 3603 377 3671; x_wconf 89' lang='lat' dir='ltr'><strong>opinionem</strong></span> <span class='ocrx_word' id='word_1_399' title='bbox 397 3600 519 3656; x_wconf 84' lang='lat' dir='ltr'><strong>stabiliri</strong></span> <span class='ocrx_word' id='word_1_400' title='bbox 537 3602 658 3671; x_wconf 87' lang='lat' dir='ltr'><strong>putavit.</strong></span> <span class='ocrx_word' id='word_1_401' title='bbox 692 3602 771 3656; x_wconf 86' lang='lat' dir='ltr'><strong>Certe</strong></span> <span class='ocrx_word' id='word_1_402' title='bbox 787 3620 858 3670; x_wconf 87' lang='lat' dir='ltr'><strong>quae</strong></span> <span class='ocrx_word' id='word_1_403' title='bbox 872 3601 921 3656; x_wconf 89' lang='lat' dir='ltr'><strong>ille</strong></span> <span class='ocrx_word' id='word_1_404' title='bbox 937 3600 971 3654; x_wconf 91' lang='lat' dir='ltr'><strong>de</strong></span> <span class='ocrx_word' id='word_1_405' title='bbox 986 3600 1100 3655; x_wconf 87' lang='lat' dir='ltr'><strong>Homeri</strong></span> <span class='ocrx_word' id='word_1_406' title='bbox 1115 3618 1217 3670; x_wconf 85' lang='lat' dir='ltr'><strong>genere</strong></span> 
     </span>
     <span class='ocr_line' id='line_1_46' title="bbox 52 3671 1217 3743; baseline 0.002 -19"><span class='ocrx_word' id='word_1_407' title='bbox 52 3675 125 3740; x_wconf 85' lang='lat' dir='ltr'><strong>atquc</strong></span> <span class='ocrx_word' id='word_1_408' title='bbox 145 3676 241 3729; x_wconf 85' lang='lat' dir='ltr'><strong>aetate</strong></span> <span class='ocrx_word' id='word_1_409' title='bbox 260 3673 418 3743; x_wconf 87' lang='lat' dir='ltr'><strong>disputasse</strong></span> <span class='ocrx_word' id='word_1_410' title='bbox 437 3676 565 3726; x_wconf 88' lang='lat' dir='ltr'><strong>narratur</strong></span> <span class='ocrx_word' id='word_1_411' title='bbox 584 3674 628 3740; x_wconf 87' lang='lat' dir='ltr'><strong>(cf.</strong></span> <span class='ocrx_word' id='word_1_412' title='bbox 648 3674 716 3728; x_wconf 88' lang='lat' dir='ltr'><strong>Call.</strong></span> <span class='ocrx_word' id='word_1_413' title='bbox 736 3673 768 3728; x_wconf 89' lang='lat' dir='ltr'><strong>fr.</strong></span> <span class='ocrx_word' id='word_1_414' title='bbox 789 3674 861 3742; x_wconf 78' lang='lat'><strong>390).</strong></span> <span class='ocrx_word' id='word_1_415' title='bbox 880 3690 947 3726; x_wconf 91' lang='lat' dir='ltr'><strong>num</strong></span> <span class='ocrx_word' id='word_1_416' title='bbox 966 3671 1001 3726; x_wconf 88' lang='lat' dir='ltr'><strong>ad</strong></span> <span class='ocrx_word' id='word_1_417' title='bbox 1020 3672 1137 3726; x_wconf 70' lang='grc' dir='ltr'>πίνακας</span> <span class='ocrx_word' id='word_1_418' title='bbox 1154 3689 1217 3741; x_wconf 91' lang='lat' dir='ltr'><strong>per·</strong></span> 
     </span>
     <span class='ocr_line' id='line_1_47' title="bbox 52 3741 1217 3813; baseline 0.004 -21"><span class='ocrx_word' id='word_1_419' title='bbox 52 3741 178 3800; x_wconf 87' lang='lat' dir='ltr'><strong>tinuerint</strong></span> <span class='ocrx_word' id='word_1_420' title='bbox 205 3745 342 3810; x_wconf 81' lang='lat' dir='ltr'><strong>nescitur,</strong></span> <span class='ocrx_word' id='word_1_421' title='bbox 370 3761 461 3812; x_wconf 92' lang='lat' dir='ltr'><strong>neque</strong></span> <span class='ocrx_word' id='word_1_422' title='bbox 489 3745 574 3798; x_wconf 87' lang='lat' dir='ltr'><strong>etiam</strong></span> <span class='ocrx_word' id='word_1_423' title='bbox 602 3745 631 3798; x_wconf 93' lang='lat' dir='ltr'><strong>in</strong></span> <span class='ocrx_word' id='word_1_424' title='bbox 659 3747 823 3813; x_wconf 74' lang='lat' dir='ltr'><strong>prlocdrpusv</strong></span> <span class='ocrx_word' id='word_1_425' title='bbox 851 3746 1000 3812; x_wconf 84' lang='grc' dir='ltr'>ἀναγραφῇ</span> <span class='ocrx_word' id='word_1_426' title='bbox 1025 3743 1134 3798; x_wconf 89' lang='lat' dir='ltr'><strong>monuit</strong></span> <span class='ocrx_word' id='word_1_427' title='bbox 1154 3747 1217 3811; x_wconf 78' lang='grc' dir='ltr'>περὶ</span> 
     </span>
     <span class='ocr_line' id='line_1_48' title="bbox 52 3814 1217 3885; baseline 0.002 -19"><span class='ocrx_word' id='word_1_428' title='bbox 52 3817 170 3875; x_wconf 67' lang='lat' dir='ltr'><strong>plectas</strong></span> <span class='ocrx_word' id='word_1_429' title='bbox 194 3814 352 3871; x_wconf 86' lang='lat' dir='ltr'><strong>Democriti</strong></span> <span class='ocrx_word' id='word_1_430' title='bbox 378 3816 422 3884; x_wconf 83' lang='lat' dir='ltr'><strong>(fr.</strong></span> <span class='ocrx_word' id='word_1_431' title='bbox 446 3821 479 3868; x_wconf 80' lang='grc'><strong>29</strong></span> <span class='ocrx_word' id='word_1_432' title='bbox 503 3841 536 3860; x_wconf 85' lang='lat'>=</span> <span class='ocrx_word' id='word_1_433' title='bbox 556 3816 684 3870; x_wconf 81' lang='lat' dir='ltr'><strong>Schneid.</strong></span> <span class='ocrx_word' id='word_1_434' title='bbox 707 3835 734 3885; x_wconf 94' lang='lat' dir='ltr'><strong>p.</strong></span> <span class='ocrx_word' id='word_1_435' title='bbox 759 3818 834 3885; x_wconf 77' lang='lat'><strong>322),</strong></span> <span class='ocrx_word' id='word_1_436' title='bbox 863 3815 909 3871; x_wconf 87' lang='lat' dir='ltr'><strong>sed</strong></span> <span class='ocrx_word' id='word_1_437' title='bbox 933 3814 1048 3884; x_wconf 88' lang='lat' dir='ltr'><strong>proprio</strong></span> <span class='ocrx_word' id='word_1_438' title='bbox 1076 3831 1158 3883; x_wconf 87' lang='lat' dir='ltr'><strong>opere</strong></span> <span class='ocrx_word' id='word_1_439' title='bbox 1182 3815 1217 3868; x_wconf 90' lang='lat' dir='ltr'><strong>de</strong></span> 
     </span>
     <span class='ocr_line' id='line_1_49' title="bbox 52 3883 1216 3958; baseline 0.003 -21"><span class='ocrx_word' id='word_1_440' title='bbox 52 3883 78 3937; x_wconf 87' lang='lat' dir='ltr'><strong>iis</strong></span> <span class='ocrx_word' id='word_1_441' title='bbox 100 3890 171 3958; x_wconf 85' lang='lat' dir='ltr'><strong>egit,</strong></span> <span class='ocrx_word' id='word_1_442' title='bbox 203 3887 279 3956; x_wconf 90' lang='lat' dir='ltr'><strong>quod</strong></span> <span class='ocrx_word' id='word_1_443' title='bbox 303 3885 429 3955; x_wconf 91' lang='lat' dir='ltr'><strong>pluribus</strong></span> <span class='ocrx_word' id='word_1_444' title='bbox 454 3887 603 3955; x_wconf 86' lang='lat' dir='ltr'><strong>explanare</strong></span> <span class='ocrx_word' id='word_1_445' title='bbox 631 3888 685 3941; x_wconf 91' lang='lat' dir='ltr'><strong>hnc</strong></span> <span class='ocrx_word' id='word_1_446' title='bbox 708 3904 764 3942; x_wconf 90' lang='lat' dir='ltr'><strong>non</strong></span> <span class='ocrx_word' id='word_1_447' title='bbox 788 3886 906 3941; x_wconf 86' lang='lat' dir='ltr'><strong>adtinet.</strong></span> <span class='ocrx_word' id='word_1_448' title='bbox 947 3886 989 3940; x_wconf 90' lang='lat' dir='ltr'><strong>De</strong></span> <span class='ocrx_word' id='word_1_449' title='bbox 1010 3885 1110 3940; x_wconf 89' lang='lat' dir='ltr'><strong>ceteris</strong></span> <span class='ocrx_word' id='word_1_450' title='bbox 1133 3885 1216 3940; x_wconf 89' lang='lat' dir='ltr'><strong>rebus</strong></span> 
     </span>
     <span class='ocr_line' id='line_1_50' title="bbox 53 3957 1216 4027; baseline 0.003 -18"><span class='ocrx_word' id='word_1_451' title='bbox 53 3971 112 4021; x_wconf 84' lang='lat' dir='ltr'><strong>quse</strong></span> <span class='ocrx_word' id='word_1_452' title='bbox 130 3961 187 4013; x_wconf 91' lang='lat' dir='ltr'><strong>huc</strong></span> <span class='ocrx_word' id='word_1_453' title='bbox 207 3957 316 4013; x_wconf 89' lang='lat' dir='ltr'><strong>faciunt</strong></span> <span class='ocrx_word' id='word_1_454' title='bbox 334 3957 380 4012; x_wconf 88' lang='lat' dir='ltr'><strong>adi</strong></span> <span class='ocrx_word' id='word_1_455' title='bbox 399 3958 532 4011; x_wconf 89' lang='lat' dir='ltr'><strong>subtilem</strong></span> <span class='ocrx_word' id='word_1_456' title='bbox 550 3958 757 4013; x_wconf 86' lang='lat' dir='ltr'><strong>Wachsmuthii</strong></span> <span class='ocrx_word' id='word_1_457' title='bbox 775 3959 837 4027; x_wconf 86' lang='grc'>(1.1.</span> <span class='ocrx_word' id='word_1_458' title='bbox 854 3966 901 4012; x_wconf 90' lang='grc'><strong>661</strong></span> <span class='ocrx_word' id='word_1_459' title='bbox 920 3975 969 4025; x_wconf 74' lang='grc' dir='ltr'><strong>αα,</strong></span> <span class='ocrx_word' id='word_1_460' title='bbox 990 3957 1081 4025; x_wconf 84' lang='lat' dir='ltr'><strong>Symb.</strong></span> <span class='ocrx_word' id='word_1_461' title='bbox 1098 3962 1149 4011; x_wconf 89' lang='grc'><strong>148</strong></span> <span class='ocrx_word' id='word_1_462' title='bbox 1166 3961 1216 4027; x_wconf 85' lang='lat' dir='ltr'><strong>sq.)</strong></span> 
     </span>
     <span class='ocr_line' id='line_1_51' title="bbox 53 4027 1218 4098; baseline 0.003 -19"><span class='ocrx_word' id='word_1_463' title='bbox 53 4031 260 4086; x_wconf 82' lang='lat' dir='ltr'><strong>enarrationem.</strong></span> <span class='ocrx_word' id='word_1_464' title='bbox 302 4029 428 4097; x_wconf 86' lang='lat' dir='ltr'><strong>Denique</strong></span> <span class='ocrx_word' id='word_1_465' title='bbox 457 4028 552 4082; x_wconf 89' lang='lat' dir='ltr'><strong>confer</strong></span> <span class='ocrx_word' id='word_1_466' title='bbox 579 4046 649 4097; x_wconf 87' lang='lat' dir='ltr'><strong>quac</strong></span> <span class='ocrx_word' id='word_1_467' title='bbox 673 4029 717 4084; x_wconf 89' lang='lat' dir='ltr'><strong>his</strong></span> <span class='ocrx_word' id='word_1_468' title='bbox 741 4030 775 4083; x_wconf 91' lang='lat' dir='ltr'><strong>de</strong></span> <span class='ocrx_word' id='word_1_469' title='bbox 798 4027 880 4084; x_wconf 89' lang='lat' dir='ltr'><strong>rebus</strong></span> <span class='ocrx_word' id='word_1_470' title='bbox 909 4029 1060 4097; x_wconf 88' lang='lat' dir='ltr'><strong>prudenter</strong></span> <span class='ocrx_word' id='word_1_471' title='bbox 1088 4030 1218 4098; x_wconf 90' lang='lat' dir='ltr'><strong>exposuit</strong></span> 
     </span>
     <span class='ocr_line' id='line_1_52' title="bbox 53 4095 1216 4170; baseline 0 -16"><span class='ocrx_word' id='word_1_472' title='bbox 53 4095 76 4152; x_wconf 80' lang='lat' dir='ltr'><strong>C.</strong></span> <span class='ocrx_word' id='word_1_473' title='bbox 94 4102 200 4156; x_wconf 79' lang='lat' dir='ltr'><strong>Stcffen</strong></span> <span class='ocrx_word' id='word_1_474' title='bbox 220 4102 255 4154; x_wconf 91' lang='lat' dir='ltr'><strong>de</strong></span> <span class='ocrx_word' id='word_1_475' title='bbox 275 4117 371 4157; x_wconf 88' lang='lat' dir='ltr'><strong>canon.</strong></span> <span class='ocrx_word' id='word_1_476' title='bbox 391 4099 440 4168; x_wconf 92' lang='lat' dir='ltr'><strong>qui</strong></span> <span class='ocrx_word' id='word_1_477' title='bbox 459 4099 511 4154; x_wconf 91' lang='lat' dir='ltr'><strong>dic.</strong></span> <span class='ocrx_word' id='word_1_478' title='bbox 530 4099 672 4170; x_wconf 89' lang='lat' dir='ltr'><strong>Aristoph.</strong></span> <span class='ocrx_word' id='word_1_479' title='bbox 687 4103 717 4154; x_wconf 91' lang='lat' dir='ltr'><strong>et</strong></span> <span class='ocrx_word' id='word_1_480' title='bbox 730 4100 894 4167; x_wconf 87' lang='lat' dir='ltr'><strong>Aristarchi,</strong></span> <span class='ocrx_word' id='word_1_481' title='bbox 913 4099 986 4168; x_wconf 89' lang='lat' dir='ltr'><strong>Lips.</strong></span> <span class='ocrx_word' id='word_1_482' title='bbox 1004 4105 1082 4167; x_wconf 84' lang='grc'>1876,</span> <span class='ocrx_word' id='word_1_483' title='bbox 1101 4118 1127 4169; x_wconf 92' lang='lat' dir='ltr'><strong>p.</strong></span> <span class='ocrx_word' id='word_1_484' title='bbox 1143 4107 1159 4154; x_wconf 87' lang='grc'>3</span> <span class='ocrx_word' id='word_1_485' title='bbox 1175 4119 1216 4170; x_wconf 91' lang='lat' dir='ltr'><strong>sq.</strong></span> 
     </span>
     <span class='ocr_line' id='line_1_53' title="bbox 53 4171 1218 4240; baseline 0.002 -16"><span class='ocrx_word' id='word_1_486' title='bbox 53 4171 75 4220; x_wconf 80' lang='lat' dir='ltr'><strong>ei</strong></span> <span class='ocrx_word' id='word_1_487' title='bbox 88 4177 143 4230; x_wconf 89' lang='lat' dir='ltr'><strong>not.</strong></span> <span class='ocrx_word' id='word_1_488' title='bbox 164 4180 189 4239; x_wconf 87' lang='grc'><strong>3,</strong></span> <span class='ocrx_word' id='word_1_489' title='bbox 210 4189 295 4240; x_wconf 85' lang='lat' dir='ltr'><strong>quern</strong></span> <span class='ocrx_word' id='word_1_490' title='bbox 314 4172 414 4225; x_wconf 91' lang='lat' dir='ltr'><strong>deinde</strong></span> <span class='ocrx_word' id='word_1_491' title='bbox 434 4174 544 4225; x_wconf 89' lang='lat' dir='ltr'><strong>secutus</strong></span> <span class='ocrx_word' id='word_1_492' title='bbox 563 4174 606 4226; x_wconf 88' lang='lat' dir='ltr'><strong>est</strong></span> <span class='ocrx_word' id='word_1_493' title='bbox 626 4172 657 4225; x_wconf 94' lang='lat'><strong>0.</strong></span> <span class='ocrx_word' id='word_1_494' title='bbox 677 4171 786 4240; x_wconf 87' lang='lat' dir='ltr'><strong>Hampe</strong></span> <span class='ocrx_word' id='word_1_495' title='bbox 805 4172 908 4240; x_wconf 81' lang='lat' dir='ltr'><strong>(Ucber</strong></span> <span class='ocrx_word' id='word_1_496' title='bbox 926 4171 952 4225; x_wconf 90' lang='lat' dir='ltr'><strong>d.</strong></span> <span class='ocrx_word' id='word_1_497' title='bbox 972 4187 1030 4240; x_wconf 88' lang='lat' dir='ltr'><strong>sog.</strong></span> <span class='ocrx_word' id='word_1_498' title='bbox 1050 4172 1150 4226; x_wconf 86' lang='lat' dir='ltr'><strong>Kanon</strong></span> <span class='ocrx_word' id='word_1_499' title='bbox 1168 4172 1218 4226; x_wconf 88' lang='lat' dir='ltr'><strong>der</strong></span> 
     </span>
     <span class='ocr_line' id='line_1_54' title="bbox 53 4240 1217 4313; baseline 0.003 -20"><span class='ocrx_word' id='word_1_500' title='bbox 53 4240 256 4309; x_wconf 79' lang='lat' dir='ltr'><strong>Alexandriner,</strong></span> <span class='ocrx_word' id='word_1_501' title='bbox 275 4244 371 4312; x_wconf 91' lang='lat' dir='ltr'><strong>Progr.</strong></span> <span class='ocrx_word' id='word_1_502' title='bbox 392 4242 492 4311; x_wconf 80' lang='lat' dir='ltr'><strong>Gymn.</strong></span> <span class='ocrx_word' id='word_1_503' title='bbox 510 4243 602 4298; x_wconf 88' lang='lat' dir='ltr'><strong>Jauer.</strong></span> <span class='ocrx_word' id='word_1_504' title='bbox 623 4249 700 4310; x_wconf 87' lang='grc'>1877,</span> <span class='ocrx_word' id='word_1_505' title='bbox 719 4261 746 4312; x_wconf 93' lang='lat' dir='ltr'><strong>p.</strong></span> <span class='ocrx_word' id='word_1_506' title='bbox 763 4248 778 4297; x_wconf 83' lang='lat'>5</span> <span class='ocrx_word' id='word_1_507' title='bbox 793 4245 845 4313; x_wconf 78' lang='lat' dir='ltr'><strong>sq.)</strong></span> <span class='ocrx_word' id='word_1_508' title='bbox 863 4242 893 4296; x_wconf 92' lang='lat' dir='ltr'><strong>in</strong></span> <span class='ocrx_word' id='word_1_509' title='bbox 912 4243 1030 4297; x_wconf 85' lang='lat' dir='ltr'><strong>eandem</strong></span> <span class='ocrx_word' id='word_1_510' title='bbox 1049 4241 1217 4298; x_wconf 87' lang='lat' dir='ltr'><strong>sententiam</strong></span> 
     </span>
     <span class='ocr_line' id='line_1_55' title="bbox 53 4313 1217 4384; baseline -0.001 -14"><span class='ocrx_word' id='word_1_511' title='bbox 53 4314 122 4382; x_wconf 65' lang='lat' dir='ltr'><strong>atque</strong></span> <span class='ocrx_word' id='word_1_512' title='bbox 142 4315 334 4376; x_wconf 82' lang='lat' dir='ltr'><strong>Schneiderus</strong></span> <span class='ocrx_word' id='word_1_513' title='bbox 353 4313 503 4382; x_wconf 87' lang='lat' dir='ltr'><strong>inclinans,</strong></span> <span class='ocrx_word' id='word_1_514' title='bbox 528 4315 640 4370; x_wconf 85' lang='lat' dir='ltr'><strong>auctore</strong></span> <span class='ocrx_word' id='word_1_515' title='bbox 661 4316 757 4370; x_wconf 83' lang='lat' dir='ltr'><strong>tamen</strong></span> <span class='ocrx_word' id='word_1_516' title='bbox 775 4332 831 4370; x_wconf 91' lang='lat' dir='ltr'><strong>non</strong></span> <span class='ocrx_word' id='word_1_517' title='bbox 849 4315 1001 4370; x_wconf 87' lang='lat' dir='ltr'><strong>nominato.</strong></span> <span class='ocrx_word' id='word_1_518' title='bbox 1026 4346 1059 4354; x_wconf 94' lang='lat'>—</span> <span class='ocrx_word' id='word_1_519' title='bbox 1086 4315 1121 4384; x_wconf 71' lang='grc'><strong>18)</strong></span> <span class='ocrx_word' id='word_1_520' title='bbox 1139 4315 1217 4380; x_wconf 79' lang='lat' dir='ltr'><strong>Quae</strong></span> 
     </span>
    </p>
   </div>
   <div class='ocr_carea' id='block_1_15' title="bbox 0 0 1444 4726">
    <p class='ocr_par' dir='ltr' id='par_1_16' title="bbox 0 0 1444 4726">
     <span class='ocr_line' id='line_1_56' title="bbox 0 0 1444 4726; baseline 0 1"><span class='ocrx_word' id='word_1_521' title='bbox 0 0 1444 4726; x_wconf 95' lang='lat' dir='ltr'><strong> </strong></span> 
     </span>
    </p>
   </div>
  </div>
 </body>
</html>
