2878 4726
204 103 250 168 40
591 85 612 134 ²
715 105 747 158 A.
756 104 861 160 mnaso

243 271 420 349 ·Scripsit
442 273 573 334 1111111Ι
566 289 631 347 ipso
654 273 731 332 teste
755 271 850 362 Suida
870 276 927 335 duo
951 293 1041 350 opera
1066 259 1104 334 ed
1123 275 1269 355 Hesycbii
1286 294 1378 334 usum

203 381 326 438 prorsus
357 362 585 421 adconmodata:
615 358 700 436 περὶ
728 353 894 438 κτήςεωε
927 359 986 423 καὶ
1020 360 1181 439 ἐκλογῆς
1216 359 1380 440 βιβλίων

203 452 296 512 libros
319 450 541 558 duqdecim,et
510 447 650 524 οπερὶ
671 445 825 512 πόλεων
847 450 907 512 καῖ
926 449 992 512 οὓ(
1012 447 1146 527 ἑκάετη
1166 447 1294 513 αὐτῶν
1313 449 1378 512 ἑν-

204 535 380 600 δόξου(
362 554 524 614 ηχεγκεν
552 540 681 600 librost
667 539 801 618 triginta.
849 541 981 612 Quorum
1004 542 1107 618 prius
1132 529 1309 619 Hesychio
1308 562 1378 603 cum

203 629 332 689 maxime
356 629 531 690 conmodum
554 629 647 689 fuisse
673 633 705 689 11
727 629 879 691 habilet
851 634 899 690 sta
880 631 954 690 atim
977 632 1083 690 elucet
1121 630 1212 692 Cuius
1231 633 1379 692 memoria

203 739 373 796 quanquam
393 719 455 778 fere
475 718 649 780 oblitterata
669 721 724 797 est,
743 737 778 778 cx
793 721 905 780 scholio
918 724 1020 780 tamon
1035 719 1166 780 Oribasii
1180 713 1255 800 (rid
1269 713 1377 802 supra)

204 828 271 868 cum
281 808 432 885 Stephano
443 808 586 884 Byzantio
602 811 763 884 conparato
777 811 877 885 potest
887 809 1022 870 concludi
1031 829 1142 868 nonum
1153 803 1378 869 ‘bibliothecae'

101 899 104 904 ’
203 899 314 957 librum
328 897 574 973 conprehendisse
589 897 690 957 vitas
706 893 847 972 ἰατρῶν
862 891 912 980 (cf.
923 899 1183 959 Wachsmuthium
1192 901 1215 959 l.
1228 900 1288 975 lp
1302 901 1379 972 145,

203 987 368 1064 Bergkium
390 985 470 1046 Hist.
493 985 635 1047 [1111111.
655 985 683 1060 Ι,
703 989 779 1060 276,
803 1008 831 1046 1.
852 981 918 1068 24).
959 986 1024 1046 Iam
1051 1007 1122 1048 vero
1146 988 1291 1048 Β.Ν1111
1320 985 1375 1064 (de

202 1076 303 1152 Steph.
321 1077 391 1152 Byr.
410 1078 501 1136 auctt
520 1075 542 1147 Ι,
562 1069 619 1153 41)
645 1076 727 1135 istud
751 1077 818 1136 ideo
843 1097 950 1153 parum
974 1078 1075 1137 valere
1102 1077 1266 1152 contendit,
1294 1077 1379 1153 qiiod

201 1166 221 1225 1.
240 1184 264 1226 c.
287 1168 407 1242 praetor
425 1163 583 1223 Philonem
605 1168 637 1224 et
654 1165 837 1241 Hermippus
861 1169 892 1226 et
911 1165 1041 1226 Soranus
1064 1167 1273 1240 laudaremur,
1298 1186 1377 1242 quos

202 1253 280 1314 inter
294 1255 424 1314 stillum
443 1272 519 1329 qnae
538 1253 615 1312 ratio
634 1254 831 1314 intercederet
848 1255 1040 1315 nesciremus.
1077 1253 1172 1324 Quam
1191 1256 1267 1314 mira
1286 1274 1377 1332 argu-

201 1343 359 1404 mentatio!
392 1341 521 1402 Oribasii
538 1343 631 1402 verba
648 1343 774 1402 adfatim
792 1344 899 1404 docent
916 1333 1027 1404 nonum
1045 1344 1244 1405 bibliothecae
1263 1344 1378 1403 librum

201 1432 233 1491 in
251 1432 372 1492 medicis
392 1431 566 1491 enarrandis
585 1436 737 1492 versatum
757 1452 836 1507 esse,
861 1434 1091 1509 necquicquam
1110 1434 1203 1494 refert
1221 1434 1297 1493 scire
1315 1453 1378 1509 quo

201 1541 280 1582 nexu
299 1521 410 1598 singuli
428 1513 688 1598 contineantur.²⁰)
724 1523 853 1582 Prorsus
876 1525 977 1582 autem
1002 1523 1141 1598 displicet
1158 1522 1254 1581 Niesii
1279 1522 1378 1598 ipsius

201 1611 278 1671 ratio
302 1610 432 1670 medicos
454 1609 532 1668 libro
556 1606 628 1684 περὶ
652 1604 783 1671 πόλεων
801 1629 827 1671 κ.
846 1628 872 1670 τ.
893 1611 920 1671 λ.
944 1612 986 1672 sic
1008 1613 1138 1671 fortasse
1156 1607 1377 1687 conprehensos

201 1700 294 1759 fuisse
313 1699 470 1773 censentis,
488 1702 523 1758 ut
542 1717 629 1758 suum
648 1700 683 1758 de
702 1699 739 1760 iis
758 1701 894 1760 libellum
914 1702 1040 1777 scriptor
1054 1701 1086 1759 in
1100 1701 1305 1760 testimouium
1324 1720 1379 1760 vo-

201 1780 311 1851 caret⁰
313 1782 339 1869 ⁰)
376 1788 453 1859 Quid
472 1787 593 1848 tandem
610 1788 728 1865 inpedit
744 1790 903 1865 quominus
922 1793 1049 1866 utraque
1069 1789 1230 1864 scriptione
1249 1788 1376 1864 Stepha

201 1898 272 1937 num
295 1897 383 1938 usum
403 1896 469 1936 esse
488 1896 640 1936 sumamus
659 1881 690 1937 ct
706 1879 783 1938 libro
803 1876 875 1953 περὶ
893 1877 960 1939 τῶν
978 1874 1138 1939 πόλεων.
1157 1883 1216 1938 ,11
1233 1874 1306 1953 περὶ
1326 1873 1377 1938 ἰα

200 1966 299 2044 τρῶν,
316 1968 337 2027 1.
356 1987 381 2026 e.
402 1965 598 2068 βιβλιοθήκῃ(
616 1967 693 2027 libro
711 1960 855 2050 noscim)

289 2058 395 2133 Itaque
418 2056 444 2116 si
466 2075 572 2120 verum
595 2059 641 2116 est
663 2057 742 2132 quod
766 2076 856 2134 supra
878 2077 945 2116 cum
964 2056 1377 2133 111111111111111111111111,

201 2147 356 2206 duodecim
371 2141 458 2219 περὶ
472 2143 635 2220 κτήεεως
654 2143 714 2206 καὶ
728 2143 889 2220 ἐκλογῆς
904 2142 1062 2222 βιβλίων
1074 2146 1167 2207 libros
1181 2146 1225 2205 ita
1239 2145 1376 2222 digestos
1435 2215 1436 2218 ,

199 2235 293 2294 fuisse
316 2234 526 2308 indicabimus,
548 2237 584 2294 ut
606 2234 638 2293 in
661 2236 786 2313 singulis
810 2236 847 2294 de
870 2236 996 2312 singulis
1021 2235 1191 2295 litterarum
1210 2234 1376 2311 generibus

201 2343 361 2400 corumque
380 2324 552 2384 auctoribus
570 2324 737 2401 praecipuis
756 2327 905 2400 ageretur.
945 2323 1011 2394 Qua
1028 2325 1150 2400 quidem
1167 2325 1199 2384 in
1216 2343 1249 2382 re
1269 2324 1378 2382 ctiam-

200 2434 271 2473 num
285 2414 420 2474 ridemus
435 2405 484 2490 (cf.
500 2412 602 2488 Steph.
616 2413 687 2490 Byn
703 2433 725 2473 1.
740 2408 936 2492 Δυρράχιον,
950 2414 1002 2472 ubi
1016 2413 1150 2473 Philonis
1165 2415 1202 2473 de
1216 2413 1376 2472 Philonide

200 2503 313 2562 medico
331 2503 425 2562 verba
442 2502 508 2577 ipsa
526 2504 671 2562 citantur:
698 2497 808 2564 Φίλων
831 2499 868 2562 ἐν
890 2502 958 2563 noir
982 2498 1131 2578 lurpruoic
1157 2498 1377 2576 Δυρραχηνὸν

200 2586 381 2667 ἀναγράφει
400 2586 581 2665 Φιλωνίδην
600 2587 716 2651 οὕτως·
745 2586 987 2666 (Ἀςκληπιαίδηε
1007 2586 1160 2673 ἀκουςτὰτ
1184 2586 1256 2663 ἔτχε
1273 2586 1378 2650 -Ῐίτον
1434 2589 1435 2673 q

201 2677 356 2756 Αὐφίδιον
383 2676 513 2740 (ικελὸν
537 2675 590 2739 καὶ
614 2675 794 2755 Φιλωνίδην
812 2676 853 2740 Δ.
878 2676 928 2740 καὶ
953 2676 1079 2741 Νίκωνα
1102 2673 1378 2754 Ἀκραγαντῖνον.

200 2767 251 2829 καὶ
269 2766 366 2830 πάλιν
386 2764 575 2843 Φιλωνίδης
594 2765 629 2829 δὲ
649 2765 668 2829 ὁ
687 2765 899 2844 Δυρραχηνός
924 2765 1038 2844 ἤκουςε
1057 2766 1114 2842 μὲν
1133 2762 1379 2842 Ἀτκληπιάδοα-

202 2855 365 2934 ίατρειίςατ
385 2854 419 2916 δὲ
439 2854 475 2917 ἐν
494 2859 532 2938 τῇ
547 2852 673 2932 πατρίδι
687 2853 839 2920 ἐνδόξως·
854 2853 1045 2919 ςυνετάξατο
1063 2853 1164 2934 βιβλία
1179 2845 1253 2938 με’ἶ)
1272 2857 1373 2934 singu.

200 2949 297 3008 lorum
316 2951 472 3008 auctorum
489 2947 619 3023 patriam
636 2949 773 3006 -cuius
793 2947 911 3024 quidem
930 2948 1073 3006 notitiam¹
1085 2947 1203 3007 Philoni
1223 2965 1258 3005 ex
1277 2965 1370 3022 opere
1433 2981 1434 3006 1

201 3034 273 3111 περὶ
296 3032 426 3096 πόλεων
445 3083 452 3097 .
472 3082 478 3096 .
501 3037 632 3118 petitam
651 3056 716 3096 esse
735 3037 854 3096 credere
873 3036 976 3096 licebit
995 3067 1036 3077 -
1055 3039 1264 3113 praeceptores
1283 3035 1375 3095 disci-

200 3128 287 3203 pulos
315 3127 457 3185 adcurate
482 3131 570 3185 encta
538 3127 626 3184 ta.tos
672 3127 765 3186 Porro
793 3129 897 3201 sponte
923 3126 993 3201 pate
995 3125 1155 3212 stingula
1184 3124 1295 3200 scripta
1327 3144 1379 3184 ea-

202 3247 415 3258 .-...---—

201 3297 335 3368 sequitur,
356 3294 547 3378 sagacissime
553 3312 618 3350 vero
633 3295 759 3350 Rohdius
774 3296 804 3364 (1
813 3295 871 3364 lp.
887 3300 936 3350 1111
951 3296 1016 3364 sq.;)
1035 3295 1217 3350 taruenhanc
1231 3295 1377 3363 quaestio
1432 3317 1433 3338 ι

201 3385 265 3422 nem
280 3368 363 3422 valde
378 3367 519 3437 spinosam
537 3365 584 3421 vix
602 3383 726 3435 unquam
744 3365 780 3420 sd
803 3365 940 3449 liquidum
958 3365 1151 3442 perductum'
1143 3365 1178 3420 rri
1197 3365 1325 3420 arbitror.
1341 3397 1378 3406 -

202 3440 331 3494 Ceterum
339 3438 442 3493 addere
451 3438 545 3507 placet
553 3438 638 3493 verba
647 3453 718 3506 quae
729 3436 885 3507 apudSuid.
893 3455 914 3492 s.
921 3435 1015 3492 Φίλων
1023 3438 1156 3520 leguntur
1165 3437 1326 3504 παρέτεινεν
1338 3438 1380 3492 εἰς

203 3512 330 3578 μακρόν
344 3515 404 3579 (pro
419 3507 519 3577 quibus
534 3509 762 3565 Westermannus
781 3507 819 3562 εἰ(
832 3509 972 3576 Μάρκον
986 3509 1147 3577 temptavit)
1166 3515 1235 3562 sana
1249 3523 1317 3574 esse,
1338 3509 1378 3562 cf.

202 3601 223 3636 1.
244 3582 428 3649 ’.Ερμογὲνητ
445 3582 530 3634 .’ἀλλ
553 3581 604 3633 οὐκ
627 3579 674 3634 εῖτ
698 3580 826 3647 μακρὸν
849 3582 956 3647 ταύτης
982 3581 1181 3647 ἀπήλαυτεμ-
1196 3577 1238 3647 ²⁹)
1257 3550 1379 3632 11111111-
1431 3631 1432 3634 ,

203 3652 325 3707 muthius
339 3652 398 3720 (ll
408 3670 435 3721 p
446 3657 505 3717 143,
517 3669 543 3704 n.
556 3651 599 3719 16)
610 3653 704 3704 autem
713 3649 898 3720 Hermippum
913 3649 1038 3705 Philonis
1052 3649 1239 3720 praeceptoris
1254 3648 1380 3719 vestigia
1431 3657 1432 3664 ’

202 3722 304 3794 legisse
332 3721 379 3777 hic
404 3721 627 3791 1111111111-
652 3721 686 3790 ⁸⁰)
710 3721 840 3776 Ceterum
869 3721 1011 3790 peculiare
1038 3724 1100 3789 περὶ
1125 3720 1229 3788 1ατρων
1259 3737 1330 3789 ορ11
1359 3739 1380 3777 a

202 3795 319 3851 Philone
343 3794 530 3863 conscriptum
554 3809 615 3846 esse
639 3792 753 3847 minime
777 3792 953 3860 exploratum
976 3808 1067 3860 neque
1090 3809 1123 3847 ex
1148 3791 1290 3862 Stephano
1309 3790 1352 3860 B
1353 3811 1378 3846 z

202 3887 222 3922 s.
243 3868 402 3934 Δυρράχιον
427 3865 636 3932 111Κιίρτοε,
660 3863 708 3918 ubi
733 3862 835 3918 citatur
858 3865 888 3917 ἐν
910 3869 969 3946 rol(
992 3862 1097 3931 ἰατροῖς
1121 3863 1172 3934 (sic
1190 3861 1322 3943 Rehdig)
1333 3810 1380 3918 yet

202 3941 232 3992 ὲν
250 3945 292 4008 τῷ
310 3955 362 4005 περ
365 3941 373 3991 1
393 3936 507 4005 ἰατρων,
527 3934 727 3990 consectarium
748 3937 800 4002 est,
819 3934 948 4001 quamvis
966 3935 1123 4003 praefracte
1141 3932 1240 4002 negari
1253 3937 1380 4016 nequeat
1430 3951 1431 3954 ’

203 4009 247 4076 (cf.
262 4008 436 4064 nuncetiam
451 4006 589 4062 Rohdium
604 4007 673 4061 Mus.
690 4005 742 4060 Rb.
758 4025 783 4059 1.
798 4005 923 4074 XXXIV,
939 4011 999 4073 1161,
1014 4025 1040 4060 n.
1056 4008 1141 4075 3).—
1107 4005 1190 4072 -³¹)
1209 4005 1269 4058 Nec
1284 4022 1351 4074 mag
1352 4005 1378 4059 is

203 4079 299 4136 Nicsio
317 4079 474 4148 adstipulor
497 4077 572 4161 quod
590 4077 716 4133 Philonis
734 4076 902 4132 Phoenicica
923 4093 941 4131 a
964 4076 1106 4146 Stephano
1130 4076 1163 4146 (1.
1183 4075 1291 4143 Νίτιβιε)
1314 4076 1378 4130 lau-

203 4153 272 4206 data
295 4151 331 4206 ab
353 4149 439 4205 hoc
431 4166 493 4220 ipso
516 4149 645 4218 inspecta
663 4165 723 4202 esse
741 4148 863 4217 negarit.
904 4145 979 4201 Num
999 4147 1139 4217 idipsum
1159 4163 1229 4216 opus
1248 4150 1379 4216 spretum

203 4239 264 4278 esse
288 4220 499 4289 arbitrabimur,
523 4237 587 4274 cum
609 4220 739 4289 generale
763 4222 824 4286 περ1
847 4219 956 4274 πόλεων
980 4217 1193 4306 diligentissime
1209 4204 1430 4306 Stephanus⁰

205 4292 324 4350 adierit?
