2878 4726
317 135 359 190 De
379 134 481 191 Snidae
499 135 745 208 biographicornm
765 139 871 210 origine
891 141 999 198 stlido.
1204 144 1245 208 27

72 302 262 362 Nietzschius
281 303 387 381 ingens
407 305 540 381 turpium
559 325 694 366 errorum
709 327 783 368 onus
797 328 905 385 parum
919 314 1005 371 caute
1020 312 1170 390 Hesychio
1189 314 1248 391 ipsi

4 401 5 406 ’
72 391 222 467 inposuit,
245 412 371 468 qnorum
395 395 539 472 plurimos
562 414 649 454 nemo
671 397 731 456 nisi
750 396 856 457 Suidas
880 399 1050 462 Eudcciave
1074 403 1247 464 conmisisse

73 481 147 539 mihi
166 483 314 542 videntur.
346 457 410 542 ded
433 484 521 559 plane
539 488 733 561 praepostere
757 487 793 546 de
813 489 949 548 duabus
969 490 1118 551 Eudociae
1137 493 1246 568 glossis
1283 542 1286 548 .

72 571 226 646 cogitavit.
241 571 300 630 Ubi
310 573 431 631 tandem
443 575 624 650 Theognidis
634 574 689 634 bis
699 577 872 636 memoriam
881 578 983 638 iniecit
991 580 1108 639 erudita
1118 582 1246 641 mulier?

72 659 1247 745 Nimirumhuncprimumrecensuitingregeeorumhominum,quosdoctrina

72 767 133 807 non
151 750 284 826 insignes
304 753 409 811 ceteris
424 753 591 830 praemisit:
610 757 805 830 posteaquam
820 755 897 814 enim
913 757 949 814 de
964 757 1139 839 Theognide
1153 759 1246 820 Athe-

71 839 221 898 niensium
240 843 367 916 tyranno
387 844 458 921 egit,
478 842 581 903 statim
595 842 777 920 Theognidis
792 847 899 920 poetae
913 847 1087 906 memoriam
1103 849 1246 908 adnexuit

73 920 221 1008 (ceterum
241 930 276 988 cf.
292 930 391 990 Flach.
406 935 425 992 l.
440 935 459 994 l.
474 954 502 1010 p.
518 924 584 1010 83).
617 931 699 1002 Quae
714 934 815 1009 glossa
830 933 860 992 in
875 935 995 995 brevius
1011 939 1245 997 contractarum

73 1017 216 1076 Scidiana
225 1020 362 1079 convenit
371 1025 485 1083 remoto
496 1021 614 1098 quidem
626 1021 657 1079 in
666 1022 725 1081 fine
735 1041 801 1081 cum
814 1022 982 1084 Nietzschio
998 1019 1039 1105 (p.
1054 1019 1129 1108 194)
1145 1046 1245 1087 errore

72 1101 212 1185 (ἔγραψε
228 1104 263 1166 δὲ
278 1105 338 1167 καὶ
352 1107 482 1186 γνώμας
496 1105 742 1190 παραινετικάς).
774 1111 912 1188 Adparet
925 1117 1027 1174 autem
1040 1116 1122 1174 illam
1138 1120 1244 1192 utpote

72 1215 109 1255 ex
124 1195 216 1255 Suida
230 1198 388 1257 conflatam
403 1192 519 1281 (nescio
534 1218 571 1258 an
586 1200 651 1276 ipsa
665 1201 814 1261 Eudociae
828 1195 933 1281 manu)
949 1200 1055 1279 quavis
1068 1207 1245 1265 auctoritate

73 1304 139 1344 esse
159 1286 320 1346 inmunem.
348 1288 412 1348 Nec
430 1291 528 1349 minus
547 1290 578 1347 in
593 1292 696 1364 aperto
712 1295 758 1349 est
772 1291 935 1350 Eudociam
950 1312 985 1351 ex
1000 1295 1104 1352 eodem
1118 1295 1246 1353 alteram

72 1377 207 1453 glossam
225 1395 248 1437 s.
268 1373 402 1449 Θέογνι(
421 1369 581 1460 (ποιητής)
600 1398 627 1453 p.
649 1381 711 1439 232
733 1380 961 1457 deprompsisse,
980 1382 1040 1442 nisi
1057 1383 1135 1459 quod
1154 1385 1245 1459 paulo

73 1465 164 1524 aliter
183 1483 248 1524 eam
269 1468 423 1542 excerpsit.
456 1468 554 1539 Quare
572 1472 686 1527 temere
704 1469 756 1528 ille
776 1471 915 1545 opinatur
934 1471 1022 1530 huius
1041 1473 1134 1532 verba
1149 1466 1244 1556 [wlh-

4 1599 5 1616 ι
73 1570 134 1629 μας
158 1548 200 1614 δι’
225 1550 369 1627 ἐλεγείας
393 1553 436 1616 εἰς
460 1552 520 1632 ἔπη
539 1551 607 1632 'Bm'
629 1577 666 1618 ex
688 1559 788 1635 priore
812 1559 939 1618 articulo
963 1560 1152 1637 adglutinata
1171 1580 1246 1622 esse.

73 1643 240 1721 Utramque
263 1645 356 1720 igitur
379 1645 509 1724 glossam
528 1647 731 1707 Eudocianam
754 1667 820 1708 cum
840 1647 933 1707 Suida
958 1651 1129 1725 conspirare
1152 1655 1204 1726 pat
1224 1654 1244 1710 t.

72 1731 160 1792 Unde
188 1735 382 1810 consequitur
403 1737 567 1796 Nietzschii
593 1737 733 1797 molimen
762 1757 820 1812 quo
849 1738 923 1798 duas
952 1739 1068 1814 glossas
1096 1739 1245 1816 Hesychio

71 1822 204 1882 reddidit
221 1824 309 1898 plane
329 1843 445 1884 cassum
461 1845 534 1902 esse,
552 1844 605 1884 nec
620 1845 679 1884 non
693 1830 807 1886 ceteras
827 1828 889 1887 eius
904 1829 1145 1888 ratiocinationes
1166 1830 1246 1888 omni

72 1931 176 1972 carere
199 1913 402 1974 fundamento.
410 1907 448 1996 18)
491 1915 538 1975 Sic
561 1917 678 1974 conruit
701 1916 792 1974 etiam
816 1917 875 1976 ista
901 1918 1000 1993 opinio
1028 1937 1118 1994 quam
1146 1918 1245 1994 priore

73 2003 177 2079 glossa
195 2021 343 2079 perpensa
361 2007 460 2064 mente
480 2003 626 2081 concepit:
656 2005 739 2064 cuius
758 2006 872 2065 auctori
891 2009 922 2066 et
941 2006 1080 2081 γνωμῶν
1099 2008 1246 2084 syllogam

72 2095 104 2151 et
123 2110 215 2150 unam
234 2093 374 2170 elegiam,
397 2113 456 2154 non
482 2093 614 2153 carmina
636 2095 755 2171 integra
774 2095 874 2154 omnia
891 2096 1057 2156 innotuisse
1076 2098 1245 2158 existumat.

71 2182 136 2240 Nec
158 2201 230 2242 vero
254 2186 427 2258 conpertum
455 2185 599 2243 habemus
626 2187 700 2260 quot
725 2185 838 2260 elegias
862 2184 1011 2261 Theognis
1038 2185 1247 2262 conscripserit

73 2266 116 2346 (ρ.
142 2273 214 2342 198,
239 2272 298 2331 vid.
322 2271 469 2335 Welclrer.
496 2273 589 2334 Proll.
617 2273 648 2343 in
676 2274 810 2348 Theogn.
837 2273 892 2332 XV
911 2267 983 2354 sq),
1011 2276 1133 2350 perinde
1156 2279 1246 2351 atque

71 2361 221 2420 incertum
245 2366 291 2420 est
315 2363 440 2438 elegiam
465 2364 495 2421 in
519 2362 721 2439 Syracusanos
749 2363 934 2439 conpositam
962 2364 1161 2440 genuincrnm
1185 2383 1247 2423 car-

72 2449 188 2508 minum
214 2450 309 2510 fuisse
336 2453 515 2527 particulam
543 2453 591 2512 vel
615 2447 745 2526 γνώμας
768 2472 804 2511 ex
826 2453 873 2512 his
897 2453 970 2528 ipsis
995 2472 1060 2512 esse
1084 2456 1246 2528 excerptas.

72 2539 189 2598 Horum
205 2539 335 2599 omnium
355 2544 600 2618 argumentorum
617 2559 741 2601 nervum
760 2542 920 2601 admodum
938 2543 1039 2600 laxum
1059 2559 1124 2602 esse
1142 2562 1197 2617 per
1215 2561 1247 2602 se

71 2629 171 2704 ipsum
199 2623 407 2705 intellegitur.¹
440 2631 502 2691 Nec
529 2630 724 2691 Leutschium
753 2626 873 2709 (Philol.
896 2632 992 2705 XXX,
1021 2623 1098 2714 232)
1127 2631 1247 2707 quidem

72 2718 239 2778 Nietzschii
263 2719 494 2795 disputationem
521 2720 718 2796 conprobasse
744 2721 843 2795 video,
871 2739 1042 2796 quanquam
1070 2725 1248 2798 argumenta

72 2809 184 2868 addere
209 2808 378 2883 supersedit
400 2805 545 2888 (ceterum
574 2811 610 2870 cf.
638 2810 729 2868 etiam
752 2811 785 2869 F.
811 2810 971 2870 Remorino
995 2810 1101 2872 Rivist.
1124 2810 1154 2868 di
1181 2809 1244 2869 filo-

71 2898 132 2973 log.
151 2896 207 2970 IV,
235 2900 357 2976 1-49,
382 2893 581 2980 ass-249).
626 2899 683 2958 Hic
710 2902 812 2958 tamen
838 2899 904 2976 ipse
933 2918 1019 2958 suam
1052 2900 1088 2958 de
1121 2899 1247 2974 singulis

72 2986 257 3062 Theognidis
282 2989 462 3048 carminibus
487 2984 667 3048 sententiam
690 3009 796 3064 parum
819 2988 975 3064 perspicue
1000 2988 1157 3065 nequead
1182 3007 1247 3064 per-

73 3076 262 3135 suadendum
284 3077 418 3153 adposite
436 3079 466 3136 in
487 3078 620 3138 chartam
640 3078 773 3140 coniecit.
809 3079 946 3154 Namque
965 3078 1026 3136 tria
1048 3077 1164 3137 maiora
1184 3096 1247 3136 car-

72 3165 155 3224 mina
173 3165 270 3224 rcluit
284 3167 429 3243 distingui
444 3159 487 3246 (p.
503 3158 590 3247 207),
609 3166 739 3242 primum
753 3168 880 3243 elegiam
895 3169 926 3225 in
941 3166 1157 3244 Syracusanae,
1176 3185 1248 3242 qua·
1311 3211 1313 3218 .
1413 3171 1417 3180 ’

73 3337 309 3405 onomatolognm
342 3338 371 3390 et
402 3335 564 3407 conrigendi
598 3337 627 3389 et
658 3335 850 3406 locupletandi
883 3353 968 3390 causa
1001 3335 1179 3390 consuluerit.
1213 3367 1247 3375 —

77 3408 111 3476 ¹¹³)
138 3407 184 3462 Sic
213 3411 244 3461 nt
272 3424 327 3462 uno
352 3409 480 3476 exemplo
505 3407 616 3461 evincat
640 3409 678 3477 (p.
705 3411 765 3477 195)
787 3408 817 3462 in
844 3407 961 3462 alvaro<
984 3407 1178 3476 Theognidem
1204 3407 1248 3462 his

75 3496 137 3533 esse
156 3479 287 3547 relatum,
306 3479 341 3533 ad
362 3480 398 3548 gl.
420 3479 583 3546 Ἐπίχαρμος
600 3496 650 3533 nos
669 3479 785 3547 relegat,
805 3481 837 3532 ut
855 3479 933 3532 cuius
951 3478 996 3532 bis
1015 3478 1115 3532 feccrit
1131 3477 1248 3532 mentio-

73 3567 139 3604 nem
155 3551 287 3605 Eudccia.
322 3552 382 3617 Quo
401 3552 441 3604 nil
461 3553 605 3619 probatur,
624 3568 687 3604 cum
705 3552 826 3622 priorem
840 3567 875 3603 ex
889 3549 975 3604 Snida
993 3551 1024 3617 (a.
1040 3567 1074 3604 ex
1087 3548 1248 3618 Hesychi0)‚

74 3623 194 3676 alteram
215 3637 249 3675 ex
266 3621 378 3676 Laertio
394 3622 466 3688 VIII,
487 3626 520 3677 78
539 3623 602 3689 ipsa
620 3621 831 3691 deprompserit.
867 3621 941 3688 Ergo
959 3637 1106 3690 perperam
1124 3619 1250 3688 conlegit

74 3692 251 3761 Theognidis
271 3694 434 3747 memoriam
459 3695 488 3747 et
510 3692 540 3746 in
558 3694 707 3762 ἀναγραφῇ
726 3698 785 3747 τῶν
803 3696 929 3760 ποιητῶν
953 3692 1028 3746 etin
1047 3693 1073 3745 ἀ.
1092 3695 1152 3745 τῶν
1171 3695 1249 3759 φιλο-

74 3765 276 3834 roemvillam
298 3765 462 3833 repperisse,
499 3764 558 3818 Nec
582 3762 672 3817 minus
697 3781 783 3832 prave
807 3764 928 3817 coniecit
951 3763 980 3816 iu
1000 3763 1163 3831 φιλοςόφαιν
1182 3763 1247 3816 ἀνα-

72 3843 171 3906 γραφῇ
190 3835 373 3905 Phocylidsm
398 3836 577 3889 subsecutum
603 3851 663 3888 esse
688 3835 894 3903 Theognidem,
922 3839 1071 3904 propterea
1098 3834 1172 3902 quod
1199 3831 1248 3886 ille

73 3911 230 3976 φιλόςοφος
257 3911 287 3960 et
310 3909 460 3974 ςύγχρονος
483 3905 585 3960 Snidae
609 3907 810 3975 adpellaretur‚
840 3922 872 3960 ac
900 3905 984 3974 plane
1012 3904 1176 3959 incredibile
1205 3906 1249 3958 est

73 3982 196 4034 alterum
216 3995 299 4048 quem
318 3979 413 4046 posuit
432 3979 468 4046 (p.
491 3981 552 4042 194)
572 3977 703 4046 Hesychii
722 3977 872 4032 articulum
891 3980 1005 4046 propter
1028 3976 1129 4030 aetatis
1153 3973 1248 4030 defini·

72 4053 182 4106 ticnem
202 4065 378 4119 suppressam
398 4067 432 4103 ex
444 4049 496 4104 tali
510 4050 660 4117 ἀναγραφῇ
675 4048 793 4103 fluxisse.
828 4047 918 4114 Quid?
938 4047 1011 4116 quod
1025 4046 1153 4116 Diltheyi
1168 4046 1248 4127 (Mus.

72 4123 128 4178 Rh.
149 4122 251 4186 XVIll,
272 4126 323 4175 150
343 4125 395 4190 sq.)
415 4121 603 4176 coniecturam
623 4123 726 4186 ἠθικῶς
748 4136 799 4188 pro
818 4121 919 4175 ἑπικῶς
936 4119 966 4173 in
984 4118 1110 4173 ordinem
1129 4119 1247 4186 recepit:

73 4195 124 4248 sed
149 4194 318 4247 vccabulum
341 4193 414 4246 illud
439 4193 480 4246 ‘in
505 4191 643 4245 versibns’
671 4193 726 4258 est,
754 4208 809 4259 quc
835 4208 930 4244 omnes
957 4192 1095 4256 ὑποθῆκαι
1122 4189 1248 4242 versibus

72 4265 240 4335 conpositae
259 4263 346 4317 luisse
366 4264 492 4318 disertim
512 4265 657 4330 notantur,
678 4263 712 4317 cf.
733 4279 753 4317 s.
774 4262 933 4331 Νίκανδρος,
951 4261 1100 4328 Πίνδαρος,
1120 4261 1181 4314 sim.
1201 4261 1249 4329 (cf.

71 4355 161 4408 supra
178 4355 206 4406 p.
226 4337 298 4404 423).
