2878 4726
138 129 140 134 ’
200 136 244 200 30
710 139 742 192 Α.
762 138 857 192 Daub:

200 301 250 367 καὶ
282 299 354 378 ἔτχε
388 301 468 380 πρὸ(
501 298 712 379 ἀττρολογίαν
732 352 764 364 ..
789 301 912 380 ἔγραψέ
944 323 979 366 τε
1013 305 1145 366 πλεῖττα
1177 308 1236 367 τοῦ
1269 301 1377 367 είδουτ

198 410 338 454 τουτου.

287 386 500 560 Ριίοςτοάίιιιιιι
524 486 562 544 ad
580 486 715 544 tabulam
739 505 815 561 quae
839 489 922 544 extat
941 503 964 545 s.
984 477 1173 566 (απφώίῑ)
1196 533 1201 546 .
1223 481 1375 560 ,ἔγραψε

195 572 306 645 μελῶν
335 572 472 647 λυρικῶν
498 570 600 648 βιβλία
624 568 664 635 θ’.
708 571 759 633 καί
782 570 893 649 πρώτη
917 573 1079 649 πλῆκτρον
1103 569 1205 649 εὗρεν.
1251 570 1376 651 ἔγραψε

199 659 234 720 δὲ
258 658 309 721 καὶ
333 657 553 737 ἐπιγράμματα
576 660 627 722 καὶ
651 657 778 735 ἐλεγεῖα
801 660 852 722 καὶ
876 659 1009 738 ἰάμβου(
1037 660 1088 722 καὶ
1116 659 1292 743 μονῳδίατ,
1325 667 1378 725 ubi

197 751 290 810 verba
308 749 414 825 μελῶν
434 750 569 825 λυρικῶν
591 747 692 828 βιβλία
712 743 749 829 θ’,
769 753 877 828 quibus
899 756 972 828 quot
990 753 1075 812 libris
1091 755 1280 814 constiterint
1295 753 1376 829 με’λη

198 840 344 899 disertum
363 840 515 917 profertur
532 842 750 915 testimonium,
775 836 900 903 πίναξιν
924 843 1083 917 adsignare
1108 863 1195 902 nemo
1215 844 1380 904 dubitabit.

198 929 358 1000 Quaeritur
383 933 485 989 autem
508 951 580 990 num
604 931 715 990 relicua
739 932 889 991 mentione
912 931 1020 1007 plectri
1039 950 1057 989 a
1076 931 1233 1009 Sapphone
1253 930 1382 994 'inventi

197 1019 355 1078 interiecta
374 1039 409 1078 ex
428 1021 531 1079 eodem
550 1021 675 1096 limpido
693 1021 776 1080 fonte
799 1013 1044 1096 promanaveriht
1063 1013 1114 1101 (cf.
1137 1022 1173 1081 A.
1196 1021 1380 1082 Sohoeuium

197 1108 299 1185 Symb.
314 1109 392 1169 Phil.
406 1109 502 1168 Bonn.
517 1130 545 1184 p.
558 1103 646 1189 760).
674 1111 769 1186 Nego,
784 1111 921 1185 quamuis
931 1111 1103 1169 litterarum
1118 1112 1224 1171 seriem
1240 1115 1377 1188 teneant,

197 1198 351 1274 eidemque
371 1199 424 1256 illa
438 1194 554 1258 auctori
569 1199 721 1273 adtribue,
742 1199 790 1258 oui
803 1201 895 1259 verba
910 1196 961 1258 καὶ
975 1196 1085 1274 πρώτη
1101 1200 1264 1276 πλῆκτρον
1280 1197 1378 1277 εὗρεν

196 1287 353 1348 debentur.
377 1287 582 1348 Volkmanuus
597 1292 700 1348 contra
715 1283 767 1368 (Il,
780 1283 859 1369 728)
875 1290 1032 1365 utriusque
1046 1290 1211 1350 testimonii
1225 1310 1291 1350 eam
1307 1311 1378 1352 esse

196 1376 342 1436 rationem
358 1377 474 1448 statuit,
489 1381 524 1436 ut
538 1379 634 1454 primo
649 1379 713 1438 loco
727 1379 944 1439 nobilissimum
958 1378 1124 1454 Sapphonis
1140 1398 1223 1456 opus,
1244 1382 1377 1442 secundo

198 1467 298 1538 cetera
315 1466 413 1526 minus
434 1467 585 1526 celebrata
598 1469 648 1527 vel
662 1468 748 1528 citius
767 1468 942 1528 oblitterata
962 1461 1099 1548 (ἔγραψε
1120 1467 1158 1528 δὲ
1179 1466 1241 1530 καὶ
1261 1519 1267 1531 .
1284 1464 1305 1550 .)
1326 1491 1377 1530 ex-

196 1555 364 1614 hibeantur.
394 1555 476 1626 Quod
492 1555 557 1636 tisri
571 1575 642 1616 sane
656 1558 763 1632 potuit,
783 1577 837 1616 nee
852 1561 971 1617 strenue
986 1557 1168 1617 Volkmanni
1183 1561 1293 1618 rationi
1307 1581 1377 1636 per-

196 1645 275 1704 belle
289 1645 474 1721 excogitatae
485 1647 643 1723 obloquor3
662 1650 764 1706 tamen
775 1648 799 1706 si
809 1649 970 1722 utrumque
986 1647 1087 1707 eodem
1103 1666 1138 1707 ex
1152 1649 1234 1709 fonte
1249 1651 1376 1710 fluxisse

196 1753 300 1794 verum
319 1737 374 1808 est,
393 1754 446 1794 cur
464 1736 586 1794 tandem
606 1737 644 1795 ab
659 1735 811 1813 Hesychio
829 1737 921 1796 verba
940 1733 991 1795 καὶ
1004 1736 1136 1810 πρῶτον
1150 1756 1175 1797 κ.
1191 1755 1216 1798 τ.
1233 1737 1260 1798 λ.
1279 1739 1375 1799 inter-

196 1824 295 1899 posita
315 1843 381 1884 esso
400 1824 608 1884 censebimus?
630 1857 667 1866 -
691 1825 750 1884 Sed
769 1825 957 1886 Volkmanno
978 1817 1012 1907 (l.
1031 1818 1065 1906 l.)
1085 1847 1208 1902 prorsus
1232 1829 1375 1906 refragor

196 1913 299 1971 eadem
308 1914 424 1973 ratione
435 1915 602 1990 explicanti,
617 1915 695 1991 quod
706 1935 728 1974 s.
744 1911 953 1976 Φιλόξενος
966 1915 1096 1991 primum
1110 1923 1373 1978 conmemorantur

196 1997 381 2077 διθύραμβοι
396 1993 456 2078 κδ’,
476 2003 600 2063 deinde
618 2004 682 2064 vita
702 2005 765 2064 eius
784 2008 886 2080 paucis
902 2005 1049 2064 enarratis
1069 2006 1107 2064 ad
1127 2007 1223 2082 operis
1243 2009 1374 2068 alicuius

195 2093 376 2172 mentionem
395 2093 504 2152 iterum
524 2093 663 2152 deflectat
678 2095 773 2153 oratic
787 2095 877 2170 idque
891 2094 937 2152 his
952 2093 1065 2154 verbis:
1085 2090 1208 2170 ἔγραψε
1229 2094 1264 2156 δὲ
1285 2097 1374 2172 μελι-

194 2179 258 2240 κῶε
272 2179 331 2254 τὴν
345 2177 557 2254 γενεαλογίαν
572 2180 638 2242 τῶν
652 2178 818 2244 Αἰακιδῶν.
847 2183 926 2243 Satis
943 2184 1021 2243 enim
1036 2185 1198 2244 dilucidum
1214 2190 1261 2246 est
1274 2189 1375 2246 totam

195 2271 329 2346 glossam
358 2271 473 2330 duabus
502 2272 658 2347 particulis
687 2273 845 2349 contineri,
878 2292 1005 2349 quarum
1034 2275 1160 2333 alteram
1190 2267 1299 2354 (usque
1334 2279 1374 2336 ad

194 2353 308 2418 οὖτοτ
319 2353 654 2440 ἀνδραποδιτθέντιυν)
665 2363 780 2422 auctori
790 2362 1048 2439 pinacographico,
1063 2364 1230 2424 uberiorem
1241 2366 1373 2425 alteram

194 2448 357 2524 Hermippo
371 2449 495 2526 Berytio
511 2445 560 2530 (cf.
576 2450 782 2510 Waohsmuth.
797 2453 815 2509 l.
828 2452 847 2510 l.
860 2449 937 2530 142)
955 2452 1079 2511 vindico.
1108 2453 1250 2529 Sequitur
1263 2455 1374 2514 tabula

195 2556 217 2596 s.
237 2532 490 2620 Trposeoc2²³)
510 2540 655 2616 exhibita,
680 2560 756 2616 quae
780 2542 916 2616 quamvis
941 2545 1079 2600 truncata
1097 2543 1243 2618 pristinae
1267 2548 1374 2604 tamen

266 2763 383 2833 91λίβοιι
408 2765 437 2818 iu
465 2765 559 2832 glossa
586 2765 758 2820 diversorum
785 2767 931 2820 auctorum
955 2766 1118 2821 testimonia
1140 2767 1169 2820 in
1192 2785 1279 2820 unum
1305 2785 1371 2823 con-

192 2835 333 2906 glutinata
348 2837 420 2890 sunt.
454 2835 611 2904 Sapphonis
627 2837 720 2891 autern
735 2838 811 2892 vitae
831 2838 1001 2892 enarrandae
1021 2838 1141 2892 solidum
1155 2839 1372 2894 fundamentum

192 2906 371 2975 grammatici
391 2907 572 2960 Alexandrini
591 2907 728 2977 iecerunt,
750 2909 885 2978 aquibus
905 2926 1006 2963 nornen
1025 2909 1113 2977 patris
1133 2910 1230 2964 matris
1249 2911 1370 2980 patriae,

192 2981 278 3046 aetas,
298 2994 384 3046 opera
402 2978 536 3032 denotata
550 2978 635 3033 fuisse
650 2979 780 3034 uidentur
794 2981 839 3048 (cf.
856 2980 973 3034 Schoen.
988 2981 1006 3034 l.
1026 2981 1044 3036 l.
1061 2983 1131 3049 741).
1165 2981 1216 3036 His
1230 2984 1373 3038 accedunt

192 3065 263 3117 quae
292 3050 327 3103 ab
356 3049 475 3103 aliorum
500 3049 598 3103 studiis
623 3051 681 3104 sive
700 3050 821 3105 inventis
844 3051 997 3121 repetenda
1020 3055 1098 3118 sunt,
1125 3053 1204 3108 velut
1231 3070 1305 3122 quae
1335 3056 1372 3109 de

191 3120 351 3174 nominibus
370 3121 459 3190 patris
478 3120 596 3174 fratrum
616 3121 798 3176 familiarium
819 3123 1033 3192 discipulorum,
1053 3123 1125 3190 uita,
1144 3125 1226 3178 rebus
1242 3127 1370 3194 poetriae
1437 3147 1438 3164 ι

191 3191 383 3260 proferuntur,
404 3191 562 3246 offensionis
586 3192 637 3246 illa
654 3193 730 3246 haud
749 3195 875 3248 inmunia
894 3194 940 3262 (ef.
961 3194 1077 3248 Schoen.
1101 3202 1160 3264 759,
1184 3196 1232 3265 qui
1252 3197 1370 3264 quidem

192 3263 329 3332 originem
349 3264 496 3317 verborum
516 3264 641 3331 ἐγαμήθη
658 3295 689 3303 -
706 3265 820 3319 Εὐνείκα
839 3266 874 3319 ad
894 3265 1014 3320 mediam
1034 3269 1149 3321 revocat
1167 3268 1369 3337 comoediam);

191 3339 285 3388 cetera
303 3334 450 3388 referenda
474 3333 605 3388 videntur
627 3335 663 3388 ad
683 3335 929 3390 Chamaeleontem
952 3339 1024 3405 (περὶ
1048 3339 1180 3406 (capelle
1206 3339 1271 3392 Ath.
1295 3339 1370 3410 Vlll,
1402 3359 1405 3366 ·

192 3410 243 3459 559
255 3407 296 3474 c),
318 3405 377 3460 sive
397 3405 433 3460 ad
452 3405 570 3460 Calliam
590 3407 616 3474 (ὁ
634 3411 687 3474 τὴν
707 3409 813 3476 (απφιλι
833 3411 877 3460 καὶ
898 3409 1023 3462 Ἀλκαῖον
1047 3411 1247 3476 ἐξηγηεάμενοε
1270 3410 1364 3466 Strab.

190 3476 269 3546 Xlll,
288 3495 315 3545 p.
335 3480 406 3546 618).
427 3509 460 3516 -
482 3476 533 3543 ⁹²¹²)
556 3478 609 3532 Hie
634 3479 667 3532 de
692 3479 834 3532 Timothei
856 3480 1029 3548 temporibus
1052 3481 1148 3550 paucis
1168 3483 1363 3550 exponendum

191 3563 251 3600 esse
270 3549 387 3602 videtur.
427 3549 502 3602 Haec
526 3548 600 3602 enim
624 3550 698 3619 apud
718 3549 831 3603 Suidam
850 3550 996 3617 leguntur:
1024 3553 1177 3616 Τιμόθεος.
1194 3595 1200 3606 .
1215 3556 1249 3620 ῆν
1269 3555 1299 3607 δ’
1319 3557 1363 3609 ἐπὶ

189 3624 248 3672 τῶν
272 3618 453 3686 Εὐριπίδου
472 3621 591 3688 χρόνων,
615 3624 690 3675 καθ’
714 3623 771 3675 οδε
794 3624 847 3675 καί
867 3621 1032 3676 Φίλιππος
1051 3625 1066 3676 ὁ
1086 3625 1251 3679 Μακεδὼν
1275 3626 1362 3692 ἐβαεί-

189 3693 281 3744 λευεν;
301 3691 402 3744 mirum
420 3691 546 3759 profecto
566 3694 761 3759 ευγχρονιεμὸν
780 3693 853 3747 inter
868 3693 1031 3762 Euripidem
1046 3696 1075 3748 et
1088 3694 1250 3764 Philippum
1264 3698 1365 3766 posuit

190 3760 303 3828 Suidas,
332 3779 383 3815 nec
406 3761 520 3814 difficile
548 3769 609 3816 erat
637 3781 698 3816 cum
723 3763 853 3818 Reinesio
878 3781 973 3818 vocem
1000 3765 1134 3820 <bibisset
1160 3768 1189 3820 in
1214 3768 1362 3834 Ἀρχέλαος

190 3832 341 3902 conrigere.
381 3831 461 3896 Quod
480 3835 574 3887 tamen
593 3851 655 3888 cum
674 3834 785 3889 Rohdio
805 3836 885 3903 (Mus.
902 3836 954 3890 Rh.
974 3855 1000 3888 n.
1017 3837 1134 3890 XXXIII
1150 3844 1208 3904 192,
1228 3856 1253 3891 n.
1271 3841 1298 3908 1)
1318 3841 1360 3894 in-

189 3903 291 3972 probo,
317 3921 380 3958 cum
398 3904 456 3958 talc
476 3907 598 3958 erratum
618 3906 795 3961 librariorum
815 3908 979 3961 oscitantiae
997 3907 1120 3977 inputari
1138 3912 1266 3976 nequeat.
1306 3911 1361 3965 Sed

189 3975 335 4030 verborum
360 3976 472 4030 illorum
496 3976 683 4045 patrocinium
707 3978 832 4032 Rohdius
856 3979 892 4046 (p.
915 3981 1037 4046 191sq.)
1061 3980 1184 4048 suscepit
1206 3997 1301 4048 eaque·
1320 3983 1361 4038 sic

189 4047 349 4114 explicavit,
368 4047 442 4100 utin
456 4063 544 4101 vacuo
559 4049 716 4117 temporum
731 4049 890 4117 interstitio,
911 4050 986 4118 quod
1000 4049 1073 4104 inter
1086 4053 1239 4105 extremam
1254 4054 1360 4121 ἐποχὴν

188 4122 247 4171 τῶν
257 4119 529 4185 ’Πελοποννητιακῶν
544 4122 572 4172 et
586 4119 709 4189 Philippi
723 4137 838 4190 regnum
848 4121 1007 4189 intervenit,
1021 4121 1104 4175 huius
1113 4139 1229 4190 regnum
1245 4123 1361 4178 luminis

188 4189 276 4242 instar
294 4187 380 4243 fuisse
400 4190 556 4258 sumpserit,
575 4191 648 4259 quod
670 4191 770 4246 Suidae
785 4193 829 4246 vel
843 4191 947 4246 rectius
962 4192 1020 4246 eius
1034 4194 1193 4248 auctoribus
1206 4195 1235 4247 in
1250 4197 1360 4265 tempo·

188 4259 265 4314 ribus
289 4261 451 4315 deliniendis
475 4261 664 4331 praefulserit,
694 4265 764 4317 conl.
789 4282 807 4316 s.
830 4266 961 4331 chrdroc
981 4305 986 4317 .
1007 4267 1134 4331 ,ἤκμαζε
1160 4267 1230 4318 κατὰ
1252 4269 1306 4334 τὴν
1330 4265 1359 4336 ρ’

189 4332 344 4398 ὀλυμπιάδα
364 4332 409 4402 (ef.
429 4332 548 4387 Meinek.
568 4333 597 4388 F.
619 4333 647 4388 C.
671 4333 701 4389 G.
722 4336 747 4405 I,
772 4337 833 4406 507)
861 4337 915 4404 πρὸ
939 4340 990 4404 τῆτ
1008 4336 1143 4390 Φιλίππου
1163 4337 1308 4404 succretam
1339 4360 1361 4395 s.
