2878 4726
305 123 347 178 De
367 122 468 178 Suidae
488 124 735 194 biographioorum
754 127 861 198 origine
881 130 910 182 et
927 128 990 184 fide.
1193 131 1234 198 31

58 289 186 366 originis
206 291 370 350 etiamnum
392 311 464 367 prae
484 311 516 351 se
534 293 593 353 fert
607 296 749 372 vestigia:
769 340 775 354 .
791 341 798 356 .
812 291 940 371 γράψας
954 290 998 354 δι’
1013 293 1102 356 ἐπῶν
1117 292 1235 372 νόμους

60 377 228 452 μουςικοὺς
247 371 295 459 ιθ,
314 377 466 455 προοίμια
488 371 535 444 λς’
557 375 607 464 (ex
626 383 777 460 Stephano
796 385 940 462 Byzantio
960 405 982 445 s.
1003 381 1158 464 Μίλητος,
1184 388 1236 464 qui

59 469 186 529 Philone
205 470 313 546 Byblio
333 474 453 529 auctore
474 471 631 531 Timotheo
651 467 690 546 ιη’
714 469 816 548 βιβλία
840 470 949 549 νόμων
968 476 1185 555 κιθαρῳδικῶν
1205 481 1235 537 et

59 555 222 633 προνόμια
254 553 363 619 ἄλλων
382 552 427 639 (i)
457 555 541 632 χίλια
568 562 738 639 adscripsit,
767 565 843 622 nihil
869 556 1049 644 lucramur),
1079 560 1242 642 Ἄρτεμιν,-

276 639 283 659 Ι

59 644 227 708 διαςιςευάς
251 666 293 722 η,
317 645 468 723 ἐγκώμια,
497 646 622 724 Πὲρςας
646 649 664 726 ἢ
691 648 869 726 Ναύπλιον,
895 649 1056 728 Φινείδας,
1082 652 1234 731 Λαέρτην,

11 779 12 784 η
59 732 272 812 διθυράμβους
292 729 339 812 ιη’,
359 734 478 811 ὕμνους
501 731 558 813 κα’,
578 737 628 799 καὶ
648 734 730 799 ἄλλα
749 736 828 816 τινά,
852 743 882 800 in
903 743 1011 818 quibus
1031 748 1062 802 et
1079 747 1234 821 generales

10 842 11 910 ι
59 830 90 885 et
114 827 280 902 peculiares
307 827 413 886 titulos
437 847 496 886 una
520 829 596 888 serie
622 831 839 906 conprehensos
865 851 929 891 esse
953 831 1100 908 Berglrius
1128 826 1176 914 (P.
1199 835 1234 894 L.

10 913 11 994 ἦ
60 908 116 974 (2.3
138 937 166 992 p.
193 907 293 997 1268)
321 920 401 975 recte
424 919 590 994 perspexit,
619 938 685 978 curn
709 914 853 994 Ἄρτεμις
881 922 1009 996 hymnus
1033 923 1125 982 fuerit
1152 920 1234 999 (vide

10 1021 11 1024 ’
60 1005 146 1064 Alex.
169 1006 267 1066 Aetol.
291 1024 338 1080 ap.
363 1006 492 1067 Maerob.
517 1007 578 1066 Sat
605 1008 645 1084 V,
671 1001 741 1090 22),
770 1010 878 1070 Persae
907 1005 1005 1084 uduo<
1030 1004 1132 1093 (Paus.
1151 1012 1235 1087 VIII,

60 1097 118 1169 50,
142 1089 191 1175 3),
218 1095 344 1154 Laertes
373 1099 403 1154 et
431 1096 575 1156 Phinidae
599 1099 647 1156 vel
670 1099 708 1158 ad
737 1093 855 1171 νόμους
882 1101 931 1159 vel
958 1102 995 1160 ad
1024 1096 1234 1176 διθυράμβους

60 1320 181 1388 Ἔφορος
192 1363 198 1374 .
210 1363 215 1374 .
227 1323 265 1375 ὼς
279 1325 323 1376 καὶ
336 1323 391 1390 πρὸ
404 1327 456 1389 τῆς
470 1323 606 1377 Φιλίππου
622 1323 755 1390 βαςιλείας
767 1325 849 1377 strui:
868 1324 941 1377 unde
957 1323 1110 1394 conlegisse
1124 1324 1235 1380 videtur

60 1394 120 1444 tum
143 1409 255 1461 quoque
279 1411 342 1446 oum
367 1397 443 1448 certa
466 1395 553 1462 ἐποχή
579 1393 698 1448 indicari
720 1394 814 1464 potuit
832 1394 957 1464 Philippi
980 1398 1103 1451 aetatem
1121 1398 1234 1452 termini

61 1462 168 1516 vicibus
186 1463 312 1520 iunctam
332 1481 399 1519 esse.
437 1465 479 1519 Ea
498 1482 563 1520 vero
582 1467 795 1534 exemplarium
819 1465 855 1520 ad
879 1484 994 1534 pravam
1013 1467 1096 1522 istam
1117 1467 1232 1523 chrono-

61 1533 167 1604 logiam
186 1536 319 1590 tuendam
339 1537 488 1606 quicquam
508 1539 622 1592 valent?
659 1538 786 1601 Minime,
811 1537 918 1606 opinor.
955 1538 1014 1592 Nec
1032 1539 1102 1592 mihi
1121 1539 1234 1607 quidem

62 1607 133 1660 ratio
153 1606 204 1660 illa
223 1607 291 1660 satis
311 1607 386 1675 fecit,
405 1625 461 1675 qua
479 1609 605 1662 thdius
624 1609 765 1664 intellexit
784 1609 887 1678 Ephori
906 1612 1109 1677 ςυγχρονιςμδν.
1143 1609 1233 1665 Voca-

61 1678 127 1732 bnlo
146 1680 182 1745 ῆν
201 1680 243 1746 (δ’
262 1680 305 1732 ἐπὶ
323 1683 375 1746 τῆς
393 1676 438 1748 ον’
458 1681 568 1748 δλυμπ.)
587 1680 627 1733 nil
646 1680 724 1734 aliud
742 1680 797 1734 nisi
816 1697 904 1734 annus
923 1683 1026 1734 natalis
1045 1681 1232 1751 significatur;

61 1765 93 1802 ac
112 1751 240 1818 quamvis
260 1750 364 1804 locutio
383 1753 418 1818 ῆν
432 1768 483 1819 pro
497 1753 596 1817 γέγονε
611 1753 745 1821 (ἐγένετο)
760 1753 843 1820 volgo
858 1769 914 1806 non
928 1752 1057 1806 adbibita
1071 1757 1115 1820 sit,
1131 1753 1232 1808 Suidae

59 1825 155 1875 tamen
185 1821 314 1876 inscitiae
344 1822 479 1876 eiusmodi
508 1841 588 1877 usum
616 1823 702 1876 tribui
729 1838 811 1891 posse
837 1821 947 1877 thdio
972 1826 1008 1892 (p.
1029 1828 1090 1891 191)
1116 1825 1233 1894 largior:

7 1943 8 1950 ,
60 1891 166 1962 Ephori
185 1893 258 1946 enim
275 1893 445 1947 ‘historiam'
462 1911 549 1963 usque
569 1894 606 1948 ad
623 1894 787 1948 vicesimum
802 1893 927 1963 Philippi
946 1894 1025 1964 regni
1044 1912 1146 1949 annum
1162 1899 1236 1964 (340)

7 1999 8 2008 .
64 1983 118 2032 quo
141 1962 305 2018 Perinthum
335 1966 508 2034 oppugnavit
538 1965 704 2034 pertinuisse
732 1983 766 2019 ex
789 1965 911 2020 Diodoro
931 1964 1019 2035 (XVP,
1039 1970 1083 2035 it)
1110 1967 1235 2037 adparet.

7 2100 8 2114 ἵ
62 2037 136 2105 Ergo
150 2035 258 2104 Ephori
272 2037 344 2104 ἀκμή
359 2036 389 2089 in
403 2037 505 2105 olymp.
521 2043 563 2090 93.
579 2037 646 2105 poni
659 2037 764 2104 nequit.
798 2036 853 2090 Sed
872 2037 941 2106 quid
960 2036 1013 2089 sibi
1032 2039 1132 2092 volunt
1149 2041 1236 2094 verba

64 2108 114 2162 ‘ihc
137 2111 188 2162 καὶ
211 2109 267 2175 πρὸ
289 2112 341 2174 τῆς
359 2107 495 2162 Φιλίππου
521 2107 653 2174 βαςιλείας
676 2108 780 2162 siuur'?
818 2108 881 2162 Non
903 2108 1019 2161 dubium
1042 2111 1085 2162 est
1108 2110 1175 2177 quin
1200 2111 1235 2165 de

61 2179 168 2248 Ephori
187 2181 280 2234 aetate
300 2179 355 2233 duo
372 2179 534 2234 testimonia
552 2183 664 2248 praesto
683 2179 787 2234 iuednt
800 2179 953 2248 Hesychio:
975 2182 1000 2248 1)
1015 2196 1104 2234 annus
1122 2182 1234 2250 natalis,

62 2255 88 2320 2)
108 2253 182 2319 ἀκμή
207 2249 265 2305 sive
290 2249 402 2306 omnino
421 2253 498 2305 aetas
517 2251 575 2306 eius
595 2251 629 2306 ad
648 2254 776 2321 tempora
795 2250 919 2320 Philippi
937 2251 1035 2314 relata,
1056 2251 1188 2319 quoniam
1203 2253 1233 2308 E.

61 2337 105 2377 res
126 2323 177 2378 sub
195 2321 313 2391 imperio
333 2321 392 2376 eius
411 2340 461 2390 per
479 2321 580 2392 viginti
604 2339 692 2377 annos
715 2325 810 2392 gestas
834 2321 987 2392 descripsit.
1028 2321 1133 2386 Quibus
1157 2324 1235 2379 testi·

60 2394 162 2448 moniis
180 2410 248 2447 usus
268 2393 366 2448 Suidas
385 2394 436 2446 ait:
468 2394 562 2448 ‘natus
586 2398 628 2448 est
647 2393 756 2463 Olymp.
778 2400 824 2460 93,
847 2394 889 2447 ita
907 2397 944 2446 ut
962 2393 1067 2447 etiam
1086 2399 1151 2448 ante
1171 2397 1235 2450 Phi·

60 2466 131 2548 lippi
150 2483 267 2534 regnum
285 2464 406 2547 inerit’
423 2465 452 2533 (i.
468 2482 491 2519 e.
506 2465 650 2547 floruerit),
668 2481 725 2520 non
739 2467 829 2548 solum
842 2465 929 2534 igitur·
943 2465 994 2518 sub
1009 2483 1095 2547 regno
1110 2465 1235 2537 Philippi

6 2587 7 2660 ι
61 2554 129 2663 Ei·
144 2537 462 2663 aQtiiiamnttiit'ii
480 2536 1234 2678 lt.ttttthtt.tttttttttttltltta]

6 2699 7 2754 t
60 2679 173 2733 etiamsi
196 2696 231 2733 ne
255 2679 309 2734 hoc
333 2679 446 2748 quidem
470 2680 598 2748 exemplo
624 2680 726 2733 Snidae
749 2679 821 2733 istae
844 2679 968 2748 ineptiae
992 2679 1103 2734 defendi
1122 2685 1234 2748 queant.

61 2751 133 2816 Quid
152 2751 246 2806 enim?
278 2751 311 2803 In
329 2753 447 2818 utraque
467 2752 526 2805 vita
543 2769 594 2819 per
612 2750 737 2820 Philippi
755 2750 903 2819 imperium
923 2751 1057 2804 terminus
1076 2751 1233 2819 denotatur,

60 2825 139 2877 ante
159 2839 255 2890 quem
275 2822 424 2891 scriptores
442 2821 486 2876 illi
504 2822 625 2876 fuerunt.
658 2822 732 2876 Num
747 2823 799 2875 hoe
814 2821 946 2876 convenit
960 2822 1107 2876 locutioni:
1128 2823 1234 2878 ‘floruit

60 2895 110 2950 Th.
131 2893 275 2962 Euripidis
298 2893 484 2962 temporibus,
512 2894 634 2961 quibus
663 2893 719 2963 (vel
745 2893 832 2947 ‘circa
854 2893 950 2964 quae')
976 2892 1063 2948 etiam
1087 2893 1233 2964 Philippus

61 2964 224 3035 regnavit?'
265 2963 294 3017 si
318 2964 417 3018 Suidas
442 2965 602 3034 scripsisset
623 2966 673 3019 ‘dic
695 2966 758 3033 πρὸ
781 2970 832 3032 τῆς
851 2967 883 3019 Φ.
904 2969 926 3031 β.
948 2965 1039 3032 εἶναι’,
1064 2965 1123 3019 sive
1148 2966 1234 3020 etiam

62 3037 141 3091 ‘uod'
169 3037 218 3091 οὓς
246 3038 324 3090 οὔπω
353 3035 486 3091 Φίλιππος
513 3036 689 3104 ἑβαςίλευεν’,
718 3037 787 3090 haec
812 3037 896 3090 verba
920 3035 1038 3090 forsitan
1066 3039 1233 3105 pateremur.

60 3140 95 3148 —
122 3107 178 3162 Sed
205 3124 278 3161 nunc
305 3107 429 3162 Rohdius
456 3106 517 3176 ipse
549 3108 621 3162 hanc
649 3111 740 3162 totam
771 3108 931 3176 opinionem
960 3107 1095 3161 abiecisse
1122 3108 1234 3162 videtur

59 3180 105 3248 (ci.
124 3180 196 3234 Mus.
216 3179 267 3233 Rh.
286 3197 313 3234 n.
334 3178 458 3244 XXXIV,
478 3184 542 3246 573,
561 3199 587 3234 n.
607 3181 648 3247 2):
671 3179 737 3232 inde
756 3177 887 3232 nimirum
905 3179 980 3246 quod
999 3178 1163 3234 Timotheus
1183 3181 1234 3234 sub

60 3251 216 3320 Philippi
247 3250 366 3319 imperio
398 3250 499 3306 vixisse
527 3250 638 3304 dicatur
667 3268 731 3305 cum
759 3250 937 3318 Bernhardyo
968 3250 1093 3319 conlegit
1120 3251 1235 3305 Suidam

59 3323 91 3391 (s.
115 3322 296 3391 Hesychium)
324 3318 371 3374 hic
398 3322 481 3390 plane
505 3322 609 3376 alium
633 3322 812 3375 Timotheum
837 3353 870 3360 -
893 3337 976 3389 quem
1001 3320 1123 3375 auletum
1149 3320 1234 3377 fuisse

61 3399 90 3448 et
121 3393 248 3462 Philippi
280 3392 486 3462 Alexandrique
514 3396 607 3448 aetate
640 3393 766 3447 floruisse
795 3395 922 3447 autumat
950 3423 983 3431 -
1011 3410 1157 3461 perperam
1193 3393 1234 3446 in·

61 3465 215 3520 miscuisse.
257 3463 332 3528 Quae
360 3463 520 3519 coniectura
554 3464 682 3534 quamvis
710 3463 871 3520 astutissime
899 3462 1059 3532 excogitata
1090 3464 1125 3517 ab
1159 3464 1235 3518 omni

59 3540 157 3591 tamen
188 3535 387 3605 probabilitate
421 3534 554 3591 abhorret
580 3537 625 3606 (cl.
658 3555 685 3590 n.
718 3542 766 3600 22,
785 3535 823 3602 b).
871 3534 972 3589 Omnia
1003 3534 1134 3588 nimirum
1167 3541 1234 3605 apto

61 3608 227 3678 procedent,
261 3607 285 3661 si
311 3607 368 3660 leni
396 3608 612 3675 transpositione
641 3625 704 3662 cum
732 3606 946 3660 Wachsmuthio
977 3606 1045 3659 ‘roi
1074 3608 1149 3660 καθ’
1177 3608 1235 3661 οὓς

61 3679 208 3735 Φίλιππος’
224 3677 441 3744 restituerimus;
455 3677 510 3732 fuit
519 3678 660 3746 Euripidis
671 3677 795 3746 aequalis
806 3679 846 3743 T,
862 3677 911 3730 sed
921 3677 991 3731 vixit
1005 3677 1090 3730 etiam
1100 3681 1235 3748 regnante

60 3751 196 3821 Philippo
216 3749 296 3803 -id
320 3750 394 3818 quod
417 3766 514 3803 verum
538 3752 592 3804 est:
622 3750 756 3819 adtigisse
784 3765 847 3803 eum
876 3751 951 3802 certe
970 3750 1092 3802 testatur
1114 3766 1237 3805 marmor

60 3822 175 3877 Parium
193 3821 290 3890 epoeh.
311 3827 352 3875 16.
373 3821 443 3875 Tim.
467 3821 688 3890 nonagenarium
707 3822 826 3889 (septem
845 3818 930 3873 etiam
949 3819 1012 3888 plus
1030 3836 1118 3874 annos
1137 3821 1237 3875 tribuit

61 3893 89 3949 ei
108 3894 233 3963 Suidas);
262 3910 380 3961 cumque
404 3893 433 3945 in
451 3892 617 3947 Macedonia
638 3895 756 3947 mortem
775 3890 876 3946 obierit
897 3891 980 3958 (teste
999 3890 1117 3946 Philone
1135 3891 1235 3960 Byblio

61 3983 105 4035 ap.
128 3965 224 4034 Steph.
244 3962 307 4033 Byr.
323 3982 344 4017 s.
359 3963 503 4032 Μίλητος),
523 3966 647 4018 extrema
660 3965 754 4019 aetate
773 3962 802 4016 in
822 3962 887 4015 aula
904 3962 983 4032 regia
1001 3962 1115 4016 Pellaea
1133 3962 1235 4018 vixisse

61 4056 126 4092 eum
146 4035 315 4090 verisimile
335 4038 383 4089 est.
423 4032 499 4098 Quae
520 4035 681 4089 coniectura
700 4036 788 4090 multo
813 4050 879 4086 sane
898 4032 1072 4102 probabilior
1089 4037 1134 4089 est
1151 4049 1236 4102 quam

60 4107 139 4176 quod
154 4125 206 4176 ego
222 4107 288 4162 olim
304 4105 475 4175 suspicabar,
495 4106 608 4159 Suidum
623 4107 714 4176 ipsum
731 4107 816 4162 verba
829 4103 880 4157 illa
881 4104 1077 4227 B*ormitunter
1091 4106 1235 4174 adiecisse,

59 4182 102 4234 ita
123 4178 236 4248 quidem
260 4179 292 4231 ut
314 4179 427 4231 mutuae
450 4176 524 4232 misr
545 4178 709 4247 Euripidem
728 4192 862 4247 regesque
912 4177 1065 4231 acedonnm
1084 4176 1234 4231 necessitu-

60 4252 137 4306 dinis
161 4251 237 4304 haud
259 4249 396 4303 inmemor
417 4247 624 4303 nobilissimum
650 4252 715 4304 ante
739 4247 927 4304 Alexandrum
951 4264 1044 4318 regum
1072 4249 1236 4318 Philippum

59 4341 113 4393 pro
134 4338 200 4377 vero
219 4321 357 4376 Archelao
376 4319 559 4376 substituerit.
