2878 4726
217 119 260 210 22
461 196 466 204 .
727 119 759 174 A.
779 119 872 173 nsua:

216 287 420 348 testimonium
442 280 552 368 (Procl.
569 287 601 347 in
619 288 718 349 Parm.
737 287 814 390 qut.
834 286 921 346 Cous.
941 288 959 346 5
977 312 1018 334 =
1034 285 1185 346 Wachsm.
1203 288 1223 346 1.
1242 288 1262 346 l.
1280 308 1308 364 p.
1323 289 1382 348 659

219 403 261 426 =
281 377 418 439 Schneid.
436 377 456 435 l.
474 378 494 436 l.
513 397 541 452 p.
562 379 625 437 305
646 396 702 453 sq.:
726 375 914 436 διοαεκαλοε
938 372 995 450 μὲν
1019 370 1267 451 ὁΠαρμενίδηε,
1291 379 1382 452 μαθη-

217 465 273 542 τὴε
293 465 328 526 δὲ
347 463 471 541 Ζήνων,
497 460 639 526 Ἐλεᾶται
654 460 695 525 'b'
715 459 821 540 ἄμφω,
845 463 896 525 καὶ
919 461 957 524 οὐ
981 465 1078 526 τοῦτο
1103 461 1211 541 μόνον,
1236 461 1318 526 ἀλλὰ
1334 464 1384 526 καὶ

217 557 276 617 τοῦ
303 552 530 629 Πυθαγορικοῦ
559 551 779 616 διδαεκαλείου
808 550 1037 634 μεταλαβόντε,
1067 550 1210 630 καθάπερ
1242 573 1305 616 που
1335 553 1385 615 καὶ

219 641 418 720 Καλλίμαχοε
438 641 520 724 [Ολλι
545 640 737 724 Νικόμαχοε]
761 637 991 726 irrepsere),
1016 645 1067 704 sed
1085 645 1140 705 boc
1158 649 1317 721 propterea
1334 647 1384 704 ad-

218 737 304 795 scisci
327 736 444 811 nequit,
470 733 549 811 q'uod
573 755 608 794 ex
633 729 737 797 πίναξι
760 753 898 794 manasse
921 754 981 794 non
1005 734 1193 810 exploratum
1216 739 1263 794 est
1287 726 1334 814 (cf.
1353 734 1384 795 C.

217 825 395 902 Diltheyum
423 826 459 883 de
484 823 558 883 Call.
582 824 708 901 Cydipp.
738 827 791 896 18,
814 845 842 883 11.
870 815 912 904 1).
957 823 1023 882 Iam
1049 843 1118 883 vero
1143 822 1384 883 Wachsmuthius

217 909 285 994 (1.1.
302 907 381 994 661)
401 914 527 990 singulis
547 915 718 974 auctoribus
738 912 954 972 Callimachum
972 915 1077 972 breves
1097 915 1133 972 de
1152 913 1214 973 vita
1233 917 1265 972 et
1283 915 1385 973 studiis

217 1005 338 1064 notulas
367 1003 529 1064 subiecisse
556 1003 787 1079 haudquaquam
815 1006 929 1062 certum
958 1021 1023 1062 esse
1051 1003 1154 1061 dixit:'
1167 1021 1236 1061 nam
1260 1003 1385 1079 priorem

216 1094 303 1152 illum
320 1094 419 1152 locum
439 1084 525 1172 (Ath.
544 1092 601 1171 VI,
621 1094 693 1168 252,
708 1085 737 1173 ο)
760 1093 804 1151 ita
829 1093 970 1167 explicari
992 1111 1112 1168 posse,
1140 1095 1174 1150 ut
1191 1092 1386 1168 Lysimachus

217 1184 306 1258 pleno
325 1183 444 1242 nomine
464 1177 664 1255 Θεοδώρειοι
683 1182 853 1256 adpellatus
873 1181 912 1240 sit
930 1201 968 1240 ne
991 1200 1058 1240 cum
1078 1181 1302 1257 cognominibus
1322 1201 1387 1241 con-

218 1273 402 1348 funderetur,
421 1273 550 1330 alterum
569 1265 682 1352 (Laert.
701 1269 789 1348 VIII,
810 1272 838 1344 8,
859 1263 892 1350 1)
913 1271 955 1330 sic
973 1275 1008 1328 ut
1026 1271 1167 1329 similium
1186 1271 1385 1331 reminiscere-

217 1382 285 1420 mur
302 1361 540 1439 inscriptionum,
558 1361 643 1420 velut
661 1357 845 1435 Φιλοδήμου
865 1356 937 1434 περὶ
955 1360 1011 1435 τῆ(
1023 1359 1100 1417 Ιτιλιν
1120 1359 1204 1420 θεῶν
1223 1356 1388 1434 εὐετοχου-

218 1448 314 1525 μένηι
333 1450 493 1524 διαγωγή(
512 1445 592 1509 κατὰ
610 1446 749 1525 Ζήνωνα
768 1442 815 1530 (in
827 1450 885 1508 vol.
901 1449 1021 1508 Hercul.
1035 1443 1101 1529 VI),
1122 1446 1304 1525 Φιλοδήμου
1323 1449 1387 1510 τῶν

217 1534 290 1599 κατ’
308 1537 462 1614 ἐπιτομήν
481 1535 731 1614 ἐξειργαιμὲνων
750 1534 822 1612 περὶ
840 1533 928 1612 ήθάιν
947 1535 997 1597 καὶ
1013 1532 1090 1613 βίων
1105 1534 1219 1608 ἐκτῶν
1234 1535 1386 1614 Ζήνωνοε

218 1628 344 1703 (χολῶν
360 1622 433 1711 (vid.
447 1621 620 1708 Wacbsm.).
653 1628 820 1704 Utramque
835 1647 905 1688 vero
921 1628 1146 1704 explicationem
1160 1627 1305 1687 incertam
1323 1649 1387 1688 esse

218 1719 354 1794 quamvis
372 1738 432 1779 non
452 1718 626 1792 diffiteatur,
644 1721 781 1793 respecta
798 1721 899 1776 tamen
914 1720 979 1776 tota
992 1711 1136 1776 πινάκων
1150 1717 1248 1777 indole
1264 1718 1387 1794 singulis

218 1809 413 1883 scriptoribus
429 1808 465 1866 de
474 1807 719 1883 praeceptoribus
728 1807 918 1881 potissimum
928 1825 1022 1882 pauca
1036 1806 1137 1864 addita
1151 1807 1245 1865 fuisse
1260 1809 1385 1866 arbitra-

218 1901 275 1956 tur.
297 1897 449 1956 Hactenus
463 1895 718 1954 Wachsmuthius.
738 1895 795 1954 Sed
805 1896 913 1972 prioris
923 1896 1088 1955 testimonii
1099 1897 1256 1970 explicatio
1267 1896 1388 1956 Wachs-

217 1987 373 2045 muthiana
390 1985 465 2044 mihi
485 1987 620 2062 equidem
640 2005 746 2060 parum
766 1986 894 2044 adridet:
915 1986 1025 2044 etenim
1039 2005 1105 2044 cum
1120 1985 1292 2061 Lysimachi
1306 1987 1385 2045 illius

218 2095 326 2135 nomen
345 2075 442 2134 minus
462 2076 555 2134 fuerit
573 2076 756 2134 celebratum
775 2094 864 2150 quam
887 2078 922 2133 ut
943 2074 1030 2133 istius
1055 2075 1134 2134 modi
1153 2094 1227 2150 opus
1247 2079 1328 2134 esset
1346 2077 1387 2134 di-

218 2165 385 2242 stincticne,
399 2167 463 2222 tum
474 2164 632 2241 Hermippi
641 2163 834 2223 Callimachei
843 2164 937 2222 verba
946 2163 1058 2240 liquido
1069 2167 1236 2224 monstrare
1250 2165 1388 2224 videntur

217 2254 279 2313 illic
297 2273 402 2313 revera
422 2255 472 2330 agi
491 2256 527 2312 de
546 2253 719 2330 Lysimachi
736 2259 929 2329 praeceptore
947 2253 1170 2331 investigando,
1193 2273 1253 2313 ncn
1277 2255 1314 2312 de
1338 2256 1387 2313 illo

219 2363 236 2402 a
264 2343 490 2420 cognominibus
519 2344 705 2402 secernendo.
751 2343 889 2401 Alterum
919 2345 1020 2401 autem
1049 2345 1216 2419 exemplum
1249 2364 1307 2419 quc
1340 2363 1385 2403 res

217 2433 376 2491 dirimatur
404 2432 594 2508 aptissimum
622 2435 680 2491 est:
709 2432 859 2491 enimvero
887 2427 1016 2491 niveae(
1041 2432 1099 2507 ipsi
1124 2433 1155 2491 in
1184 2434 1388 2492 testimouium

216 2526 374 2595 vocantur,
398 2540 452 2580 nec
475 2520 696 2581 Waehsmuthii
718 2522 796 2580 ratio
818 2521 1036 2596 interpretandi
1059 2524 1094 2580 ut
1116 2521 1204 2580 nimis
1228 2523 1388 2582 artificiosa

107 2609 109 2614 ‘
217 2613 291 2670 mihi
315 2611 469 2687 probatur.
514 2610 613 2681 Quare
638 2630 676 2670 ne
701 2611 748 2670 hic
774 2611 894 2687 quidem
916 2611 1028 2670 infitias
1052 2611 1095 2670 ire
1117 2629 1277 2687 possumus
1301 2611 1387 2671 Calli·

217 2702 355 2760 machum
375 2701 409 2758 de
429 2700 545 2759 Eudoxi
563 2701 707 2777 magistro
727 2700 872 2776 quaedam
887 2700 1055 2759 adnotasse.
1088 2699 1186 2770 Quid?
1206 2702 1286 2776 quod
1300 2697 1387 2761 πινά-

217 2805 282 2849 κων
301 2791 415 2849 indoles
434 2789 500 2882 ipsa
519 2791 677 2866 prohibere
696 2790 827 2864 videtur,
849 2809 887 2847 ne
910 2792 1063 2848 auctorum
1088 2791 1209 2856 nomina
1228 2794 1260 2849 et
1278 2791 1388 2866 scripta

217 2879 295 2938 nude
305 2880 403 2954 posita
412 2878 504 2938 fuisse
515 2869 729 2954 opinemur.¹⁵)·
749 2877 827 2937 Cave
843 2882 944 2937 tamen
957 2880 1013 2938 hoc
1026 2898 1135 2964 munus
1150 2879 1241 2940 latius
1255 2882 1387 2955 patuisse

291 3031 324 3100 ¹⁵)
343 3032 384 3086 De
403 3031 598 3086 inmortalibus
620 3031 785 3086 Callimachi
808 3031 880 3085 curis
902 3031 1147 3101 pinacographicis
1166 3033 1210 3085 sat
1227 3035 1326 3085 notum
1347 3036 1388 3086 est

124 3121 129 3132 ⁴
217 3103 378 3157 doctissime
402 3104 559 3172 disputasse
579 3102 607 3156 C.
626 3103 872 3156 Wachsmuthium
897 3103 1008 3170 (Philol.
1029 3101 1107 3169 XVI,
1127 3108 1178 3156 653
1198 3106 1264 3172 aq),
1288 3103 1388 3156 deinde

216 3175 261 3228 ur.
281 3174 472 3228 Nietuschium
497 3174 578 3243 (Mus.
597 3174 649 3228 ah.
669 3193 696 3230 n.
715 3173 819 3241 XXIV,
839 3179 889 3227 189
910 3175 961 3242 sq.)
990 3175 1062 3227 hanc
1089 3191 1147 3227 rem
1171 3173 1200 3227 in
1226 3177 1388 3228 transcursu

216 3245 355 3314 tetigisse,
382 3247 431 3300 scd
454 3263 551 3315 parum
571 3245 757 3314 probabiliter
780 3245 834 3316 [sic
857 3245 939 3298 huius
962 3246 997 3298 dc
1020 3262 1135 3299 numero
1156 3244 1229 3298 CXX
1251 3245 1387 3300 librorum

216 3319 340 3370 πινάκων
365 3317 525 3371 coniectura
547 3318 605 3370 iam
624 3335 641 3371 a
660 3316 829 3372 Schneiderc
849 3315 928 3380 (Call.
948 3316 983 3381 ΙΙ,
1002 3323 1054 3370 304
1074 3319 1126 3385 sq.)
1150 3318 1250 3370 merito
1274 3319 1389 3386 explosa

218 3387 254 3440 ab
273 3389 349 3442 omni
368 3387 486 3442 veritate
505 3387 651 3452 abhorret,
669 3405 722 3442 nec
741 3405 820 3442 secus
838 3386 909 3440 illud
928 3387 1071 3456 displicet,
1091 3389 1166 3455 quod
1185 3387 1387 3443 Callimachum

218 3460 348 3530 catalogo
362 3465 421 3514 τῶν
435 3461 505 3514 κατὰ
519 3461 637 3527 χρόνου(
651 3462 695 3513 καλ
709 3461 760 3513 ἀπ’
774 3461 860 3526 ἀρχῆς
872 3461 1032 3524 γενομένων
1047 3461 1217 3512 οιδαεκάλων
1232 3460 1268 3513 ad
1282 3460 1388 3515 certam

217 3533 341 3584 πινάκων
361 3534 468 3600 partem
488 3531 612 3586 carmina
630 3531 720 3585 omnis
739 3532 848 3600 generis
864 3531 1086 3598 complectentem
1104 3531 1175 3585 ‘sese
1189 3533 1385 3600 praeparasse’

218 3602 329 3669 statuit;
356 3602 511 3656 rectissime
539 3619 605 3657 vero
634 3619 696 3656 meo
725 3602 838 3670 quidem
865 3601 968 3656 iudicio
995 3602 1029 3656 de
1057 3601 1152 3656 ordine
1179 3601 1303 3672 catalogi
1330 3609 1389 3658 τῶν

216 3677 404 3728 παντοδαπῶν
423 3674 644 3742 ευγγραμμάτων
663 3673 805 3740 disseruit,
823 3691 850 3743 p.
872 3679 930 3739 130,
949 3691 974 3727 n.
996 3674 1038 3744 2],
1057 3675 1118 3726 tum
1137 3673 1168 3727 Ο.
1188 3673 1389 3728 Schneiderum

218 3743 299 3814 (Call.
318 3746 352 3812 Il,
372 3751 422 3800 297
443 3748 494 3814 sq.)
524 3745 613 3800 totam
640 3744 833 3814 quaestionem
860 3746 1027 3799 retractasse
1051 3748 1079 3799 et
1101 3745 1316 3802 Wachsmuthio
1341 3749 1390 3800 ad-

218 3817 384 3870 sentientem
412 3818 441 3870 et
465 3816 663 3886 refragantem.
704 3816 808 3870 Verum
834 3815 946 3885 singula
969 3815 1079 3884 plenius
1105 3833 1234 3871 enarrare
1258 3817 1305 3870 vel
1328 3835 1390 3888 per-

217 3905 329 3942 censere
348 3887 384 3941 ab
403 3888 533 3942 hocloco
547 3889 670 3944 alienum
685 3890 735 3955 est,
755 3886 805 3942 scd
817 3904 909 3955 pauca
924 3887 1047 3942 delibare
1061 3887 1177 3955 placuit.
1211 3889 1251 3942 Ac
1266 3889 1388 3958 primum

217 3959 330 4027 quidem
354 3958 524 4014 Schneidero
548 3962 585 4029 (p.
606 3967 666 4028 300,
690 3965 755 4028 301,
779 3959 842 4026 302)
870 3975 979 4027 nequeo
1008 3975 1064 4012 non
1092 3957 1206 4026 obloqui
1235 3975 1269 4013 ex
1296 3963 1389 4015 verbis

217 4031 335 4085 Taetzae
351 4031 536 4085 conmentarii
553 4031 583 4085 in
598 4048 651 4086 sec.
666 4029 851 4084 Ambrosiano
866 4029 1050 4098 conprehensi
1070 4029 1116 4098 (cf.
1130 4029 1278 4085 Ritechelii
1293 4049 1388 4102 opusc.

216 4101 285 4171 phil.
305 4103 326 4169 I,
346 4108 407 4168 200,
425 4103 473 4158 lin.
493 4108 532 4170 tt:
553 4104 721 4170 Καλλίμαχοι
739 4133 772 4141 -
792 4103 912 4168 ὑετὲρωε
930 4102 1000 4166 μετά
1017 4104 1070 4168 τήν
1090 4103 1243 4168 ἀνόρθωειν
1262 4106 1330 4158 τοὺ(
1347 4105 1389 4158 πί-

215 4190 302 4228 νακα(
325 4175 419 4228 αὐτῶν
444 4173 635 4242 ’ἀπεγράψατο
660 4176 705 4244 (cl.
730 4174 815 4228 etiam
838 4173 925 4228 verba
940 4171 1071 4228 Ambrae.
1095 4172 1191 4242 primi:
1221 4173 1261 4226 ὧν
1287 4176 1389 4242 βίβλων

215 4248 283 4304 τοὺ(
299 4246 416 4301 πίνακα(
435 4249 462 4301 Κ.
482 4248 684 4315 ἀπεγράψατο)
702 4246 732 4300 id
751 4245 883 4315 elicienti,
903 4243 1106 4300 Callimachum
1119 4245 1255 4299 librorum
1274 4247 1388 4303 tabulas

216 4319 355 4389 aprimis
377 4318 567 4375 bibliothecae
590 4317 795 4375 ordinatoribus
819 4316 978 4388 conpositas
1000 4317 1030 4374 in
1056 4334 1119 4372 suos
1144 4315 1263 4372 πίνακας
1287 4323 1390 4389 postea
