<?xml version="1.0" encoding="UTF-8"?>
<!DOCTYPE html PUBLIC "-//W3C//DTD XHTML 1.0 Transitional//EN"
    "http://www.w3.org/TR/xhtml1/DTD/xhtml1-transitional.dtd">
<html xmlns="http://www.w3.org/1999/xhtml" xml:lang="en" lang="en">
 <head>
  <title>
</title>
<meta http-equiv="Content-Type" content="text/html;charset=utf-8" />
  <meta name='ocr-system' content='tesseract 3.04.00' />
  <meta name='ocr-capabilities' content='ocr_page ocr_carea ocr_par ocr_line ocrx_word'/>
</head>
<body>
  <div class='ocr_page' id='page_1' title='image "./desuidaebiograp00daubgoog_0040.png"; bbox 0 0 2878 4726; ppageno 0'>
   <div class='ocr_carea' id='block_1_1' title="bbox 313 46 1248 176">
    <p class='ocr_par' dir='ltr' id='par_1_1' title="bbox 313 44 1248 176">
     <span class='ocr_line' id='line_1_1' title="bbox 313 46 1248 176; baseline 0 -33"><span class='ocrx_word' id='word_1_1' title='bbox 313 89 356 145; x_wconf 92' lang='lat' dir='ltr'>De</span> <span class='ocrx_word' id='word_1_2' title='bbox 376 90 477 146; x_wconf 85' lang='lat' dir='ltr'>Suidac</span> <span class='ocrx_word' id='word_1_3' title='bbox 495 90 742 161; x_wconf 87' lang='lat' dir='ltr'>biographicornm</span> <span class='ocrx_word' id='word_1_4' title='bbox 761 89 868 158; x_wconf 84' lang='lat' dir='ltr'>origine</span> <span class='ocrx_word' id='word_1_5' title='bbox 887 90 917 142; x_wconf 90' lang='lat' dir='ltr'>et</span> <span class='ocrx_word' id='word_1_6' title='bbox 934 88 998 144; x_wconf 89' lang='lat' dir='ltr'>fide.</span> <span class='ocrx_word' id='word_1_7' title='bbox 1112 46 1115 51; x_wconf 21' lang='grc' dir='ltr'>Ι</span> <span class='ocrx_word' id='word_1_8' title='bbox 1192 85 1248 176; x_wconf 46' lang='grc' dir='ltr'>,3Τέ</span> 
     </span>
    </p>
   </div>
   <div class='ocr_carea' id='block_1_2' title="bbox 9 251 1365 4345">
    <p class='ocr_par' dir='ltr' id='par_1_2' title="bbox 9 251 1365 1230">
     <span class='ocr_line' id='line_1_2' title="bbox 9 251 1365 364; baseline -0.004 -43"><span class='ocrx_word' id='word_1_9' title='bbox 9 269 11 364; x_wconf 51' lang='grc' dir='ltr'>ί</span> <span class='ocrx_word' id='word_1_10' title='bbox 67 261 226 342; x_wconf 88' lang='lat' dir='ltr'>similiave,</span> <span class='ocrx_word' id='word_1_11' title='bbox 237 262 321 321; x_wconf 88' lang='lat' dir='ltr'>velut</span> <span class='ocrx_word' id='word_1_12' title='bbox 330 279 352 321; x_wconf 89' lang='lat' dir='ltr'>s.</span> <span class='ocrx_word' id='word_1_13' title='bbox 362 254 510 334; x_wconf 85' lang='grc' dir='ltr'>Κεκίλιος,</span> <span class='ocrx_word' id='word_1_14' title='bbox 520 253 683 332; x_wconf 88' lang='grc' dir='ltr'>Ποτάμων</span> <span class='ocrx_word' id='word_1_15' title='bbox 692 255 917 331; x_wconf 80' lang='grc' dir='ltr'>Μυτιληναῖος,</span> <span class='ocrx_word' id='word_1_16' title='bbox 927 251 1253 340; x_wconf 79' lang='grc' dir='ltr'>ΠωλίωνὸἈςίνιος,</span> <span class='ocrx_word' id='word_1_17' title='bbox 1362 325 1365 334; x_wconf 47' lang='grc'>,</span> 
     </span>
     <span class='ocr_line' id='line_1_3' title="bbox 67 337 1242 426; baseline -0.004 -16"><span class='ocrx_word' id='word_1_18' title='bbox 67 345 239 424; x_wconf 98' lang='grc' dir='ltr'>Ἀντέρως,</span> <span class='ocrx_word' id='word_1_19' title='bbox 265 344 396 424; x_wconf 82' lang='grc' dir='ltr'>Ἀπίων,</span> <span class='ocrx_word' id='word_1_20' title='bbox 419 342 628 423; x_wconf 87' lang='grc' dir='ltr'>Ἑρμαγόρας,</span> <span class='ocrx_word' id='word_1_21' title='bbox 651 345 855 421; x_wconf 87' lang='grc' dir='ltr'>Πτολεμαῖος</span> <span class='ocrx_word' id='word_1_22' title='bbox 879 341 897 404; x_wconf 87' lang='grc' dir='ltr'>ὁ</span> <span class='ocrx_word' id='word_1_23' title='bbox 917 339 1156 420; x_wconf 88' lang='grc' dir='ltr'>Ἀςκαλωνίτης,</span> <span class='ocrx_word' id='word_1_24' title='bbox 1181 337 1242 426; x_wconf 80' lang='grc' dir='ltr'>ολ),</span> 
     </span>
     <span class='ocr_line' id='line_1_4' title="bbox 68 437 1242 516; baseline -0.003 -17"><span class='ocrx_word' id='word_1_25' title='bbox 68 440 249 516; x_wconf 79' lang='lat' dir='ltr'><strong>quibuscum</strong></span> <span class='ocrx_word' id='word_1_26' title='bbox 271 438 441 498; x_wconf 90' lang='lat' dir='ltr'>hominibus</span> <span class='ocrx_word' id='word_1_27' title='bbox 465 438 643 497; x_wconf 79' lang='lat' dir='ltr'><strong>inlustribus</strong></span> <span class='ocrx_word' id='word_1_28' title='bbox 668 455 727 495; x_wconf 90' lang='lat' dir='ltr'>una</span> <span class='ocrx_word' id='word_1_29' title='bbox 750 437 863 496; x_wconf 87' lang='lat' dir='ltr'>fuerint</span> <span class='ocrx_word' id='word_1_30' title='bbox 881 453 1014 511; x_wconf 87' lang='lat' dir='ltr'>quosque</span> <span class='ocrx_word' id='word_1_31' title='bbox 1033 437 1242 511; x_wconf 74' lang='lat' dir='ltr'>praeceptores</span> 
     </span>
     <span class='ocr_line' id='line_1_5' title="bbox 68 517 1241 606; baseline -0.003 -18"><span class='ocrx_word' id='word_1_32' title='bbox 68 530 133 589; x_wconf 85' lang='lat' dir='ltr'>sive</span> <span class='ocrx_word' id='word_1_33' title='bbox 148 529 310 604; x_wconf 88' lang='lat' dir='ltr'>discipulos</span> <span class='ocrx_word' id='word_1_34' title='bbox 325 527 486 586; x_wconf 77' lang='lat' dir='ltr'>habuerint</span> <span class='ocrx_word' id='word_1_35' title='bbox 500 519 536 606; x_wconf 87' lang='lat' dir='ltr'>(s.</span> <span class='ocrx_word' id='word_1_36' title='bbox 551 520 760 599; x_wconf 81' lang='grc' dir='ltr'>Ἀλέξανδρος</span> <span class='ocrx_word' id='word_1_37' title='bbox 774 520 912 598; x_wconf 85' lang='grc' dir='ltr'>Αἰγαῖος,</span> <span class='ocrx_word' id='word_1_38' title='bbox 933 517 1095 599; x_wconf 90' lang='grc' dir='ltr'>Ἀντέρως,</span> <span class='ocrx_word' id='word_1_39' title='bbox 1115 517 1241 599; x_wconf 84' lang='grc' dir='ltr'>Ἀπίων,</span> 
     </span>
     <span class='ocr_line' id='line_1_6' title="bbox 67 609 1241 690; baseline -0.004 -13"><span class='ocrx_word' id='word_1_40' title='bbox 67 613 242 678; x_wconf 88' lang='grc' dir='ltr'>Διονύςιος</span> <span class='ocrx_word' id='word_1_41' title='bbox 257 611 362 690; x_wconf 85' lang='grc' dir='ltr'>Ἀλεξ,</span> <span class='ocrx_word' id='word_1_42' title='bbox 378 609 619 690; x_wconf 81' lang='grc' dir='ltr'>Ἐπαφρόδιτος,</span> <span class='ocrx_word' id='word_1_43' title='bbox 633 609 837 689; x_wconf 80' lang='grc' dir='ltr'>Ἑρμαγόρας,</span> <span class='ocrx_word' id='word_1_44' title='bbox 853 609 1032 688; x_wconf 86' lang='grc' dir='ltr'>Θεόδωρος,</span> <span class='ocrx_word' id='word_1_45' title='bbox 1054 609 1241 688; x_wconf 84' lang='grc' dir='ltr'>Κορνοῦτος,</span> 
     </span>
     <span class='ocr_line' id='line_1_7' title="bbox 71 696 1243 782; baseline -0.003 -16"><span class='ocrx_word' id='word_1_46' title='bbox 71 702 281 780; x_wconf 85' lang='grc' dir='ltr'>Μουςώνιος,</span> <span class='ocrx_word' id='word_1_47' title='bbox 298 701 457 779; x_wconf 87' lang='grc' dir='ltr'>Νικάνωρ,</span> <span class='ocrx_word' id='word_1_48' title='bbox 476 702 608 765; x_wconf 85' lang='grc' dir='ltr'>Παῦλος</span> <span class='ocrx_word' id='word_1_49' title='bbox 627 699 753 777; x_wconf 93' lang='grc' dir='ltr'>Τύριος,</span> <span class='ocrx_word' id='word_1_50' title='bbox 772 699 920 778; x_wconf 87' lang='grc' dir='ltr'>Ῥοῦφος,</span> <span class='ocrx_word' id='word_1_51' title='bbox 940 697 1163 777; x_wconf 82' lang='grc' dir='ltr'>(κοπελιανός,</span> <span class='ocrx_word' id='word_1_52' title='bbox 1182 696 1243 782; x_wconf 78' lang='grc' dir='ltr'>ολ).</span> 
     </span>
     <span class='ocr_line' id='line_1_8' title="bbox 70 792 1243 872; baseline -0.003 -18"><span class='ocrx_word' id='word_1_53' title='bbox 70 795 188 866; x_wconf 83' lang='lat' dir='ltr'><strong>Quibus</strong></span> <span class='ocrx_word' id='word_1_54' title='bbox 208 797 342 872; x_wconf 83' lang='lat' dir='ltr'>adprime</span> <span class='ocrx_word' id='word_1_55' title='bbox 360 795 498 855; x_wconf 89' lang='lat' dir='ltr'>convenit</span> <span class='ocrx_word' id='word_1_56' title='bbox 517 795 596 870; x_wconf 89' lang='lat' dir='ltr'>quod</span> <span class='ocrx_word' id='word_1_57' title='bbox 619 794 727 853; x_wconf 91' lang='lat' dir='ltr'>borum</span> <span class='ocrx_word' id='word_1_58' title='bbox 753 793 933 868; x_wconf 89' lang='lat' dir='ltr'>scriptorum</span> <span class='ocrx_word' id='word_1_59' title='bbox 955 793 1019 852; x_wconf 85' lang='lat' dir='ltr'>vita</span> <span class='ocrx_word' id='word_1_60' title='bbox 1041 792 1243 867; x_wconf 79' lang='lat' dir='ltr'>copiosissime</span> 
     </span>
     <span class='ocr_line' id='line_1_9' title="bbox 66 875 1241 960; baseline -0.003 -16"><span class='ocrx_word' id='word_1_61' title='bbox 66 903 157 960; x_wconf 87' lang='lat' dir='ltr'>saepe</span> <span class='ocrx_word' id='word_1_62' title='bbox 189 905 226 944; x_wconf 89' lang='lat' dir='ltr'>ne</span> <span class='ocrx_word' id='word_1_63' title='bbox 258 884 392 943; x_wconf 90' lang='lat' dir='ltr'>minutiis</span> <span class='ocrx_word' id='word_1_64' title='bbox 425 883 544 959; x_wconf 87' lang='lat' dir='ltr'>quidem</span> <span class='ocrx_word' id='word_1_65' title='bbox 576 883 753 958; x_wconf 90' lang='lat' dir='ltr'>contemptis</span> <span class='ocrx_word' id='word_1_66' title='bbox 786 885 927 940; x_wconf 87' lang='lat' dir='ltr'>narratur</span> <span class='ocrx_word' id='word_1_67' title='bbox 959 875 996 958; x_wconf 88' lang='lat' dir='ltr'>(s.</span> <span class='ocrx_word' id='word_1_68' title='bbox 1024 875 1241 940; x_wconf 84' lang='grc' dir='ltr'>Ἀπολλώνιος</span> 
     </span>
     <span class='ocr_line' id='line_1_10' title="bbox 65 964 1241 1046; baseline -0.003 -13"><span class='ocrx_word' id='word_1_69' title='bbox 65 970 223 1046; x_wconf 91' lang='grc' dir='ltr'>Τυανεύς,</span> <span class='ocrx_word' id='word_1_70' title='bbox 253 969 423 1034; x_wconf 89' lang='grc' dir='ltr'>Διονύςιος</span> <span class='ocrx_word' id='word_1_71' title='bbox 445 967 556 1046; x_wconf 72' lang='grc' dir='ltr'>Ἀλεξ,</span> <span class='ocrx_word' id='word_1_72' title='bbox 585 965 828 1044; x_wconf 89' lang='grc' dir='ltr'>Διογενειανός,</span> <span class='ocrx_word' id='word_1_73' title='bbox 858 965 948 1030; x_wconf 87' lang='grc' dir='ltr'>Δίων</span> <span class='ocrx_word' id='word_1_74' title='bbox 972 965 996 1029; x_wconf 73' lang='grc' dir='ltr'>δ’</span> <span class='ocrx_word' id='word_1_75' title='bbox 1013 964 1241 1044; x_wconf 84' lang='grc' dir='ltr'>Παςικράτους,</span> 
     </span>
     <span class='ocr_line' id='line_1_11' title="bbox 65 1054 1241 1137; baseline -0.004 -14"><span class='ocrx_word' id='word_1_76' title='bbox 65 1057 315 1137; x_wconf 85' lang='grc' dir='ltr'>Ἐπαφρόδιτος,</span> <span class='ocrx_word' id='word_1_77' title='bbox 348 1057 553 1136; x_wconf 88' lang='grc' dir='ltr'>Ἡρακλείδης</span> <span class='ocrx_word' id='word_1_78' title='bbox 580 1055 752 1133; x_wconf 83' lang='grc' dir='ltr'>Ποντικός,</span> <span class='ocrx_word' id='word_1_79' title='bbox 786 1055 988 1133; x_wconf 85' lang='grc' dir='ltr'>Μουςύινιος,</span> <span class='ocrx_word' id='word_1_80' title='bbox 1021 1054 1241 1133; x_wconf 91' lang='grc' dir='ltr'>Πλούταρχος,</span> 
     </span>
     <span class='ocr_line' id='line_1_12' title="bbox 64 1142 789 1230; baseline -0.011 -14"><span class='ocrx_word' id='word_1_81' title='bbox 64 1146 231 1226; x_wconf 89' lang='grc' dir='ltr'>Ποτάμων</span> <span class='ocrx_word' id='word_1_82' title='bbox 251 1149 342 1224; x_wconf 89' lang='grc' dir='ltr'>Μυτ.,</span> <span class='ocrx_word' id='word_1_83' title='bbox 363 1146 549 1225; x_wconf 89' lang='grc' dir='ltr'>Τυραννίων</span> <span class='ocrx_word' id='word_1_84' title='bbox 569 1145 587 1209; x_wconf 92' lang='grc' dir='ltr'>ὁ</span> <span class='ocrx_word' id='word_1_85' title='bbox 607 1142 789 1230; x_wconf 87' lang='grc' dir='ltr'>νεώτερος).</span> 
     </span>
    </p>

    <p class='ocr_par' dir='ltr' id='par_1_3' title="bbox 49 1237 1277 2391">
     <span class='ocr_line' id='line_1_13' title="bbox 128 1237 1240 1313; baseline -0.002 -14"><span class='ocrx_word' id='word_1_86' title='bbox 128 1261 131 1268; x_wconf 89' lang='grc'><strong><em>·</em></strong></span> <span class='ocrx_word' id='word_1_87' title='bbox 156 1241 238 1300; x_wconf 82' lang='grc' dir='ltr'>Ηοοο</span> <span class='ocrx_word' id='word_1_88' title='bbox 257 1240 356 1299; x_wconf 90' lang='lat' dir='ltr'>omnia</span> <span class='ocrx_word' id='word_1_89' title='bbox 373 1239 482 1299; x_wconf 92' lang='lat' dir='ltr'>indicia</span> <span class='ocrx_word' id='word_1_90' title='bbox 501 1239 646 1298; x_wconf 91' lang='lat' dir='ltr'>salutaria</span> <span class='ocrx_word' id='word_1_91' title='bbox 660 1239 717 1299; x_wconf 87' lang='lat' dir='ltr'>sibi</span> <span class='ocrx_word' id='word_1_92' title='bbox 730 1238 857 1298; x_wconf 87' lang='lat' dir='ltr'>invicem</span> <span class='ocrx_word' id='word_1_93' title='bbox 871 1237 984 1313; x_wconf 88' lang='lat' dir='ltr'>liquido</span> <span class='ocrx_word' id='word_1_94' title='bbox 998 1237 1130 1312; x_wconf 90' lang='lat' dir='ltr'>produnt</span> <span class='ocrx_word' id='word_1_95' title='bbox 1145 1238 1240 1313; x_wconf 86' lang='lat' dir='ltr'>splen-</span> 
     </span>
     <span class='ocr_line' id='line_1_14' title="bbox 64 1326 1241 1414; baseline -0.003 -25"><span class='ocrx_word' id='word_1_96' title='bbox 64 1331 169 1390; x_wconf 89' lang='lat' dir='ltr'>didum</span> <span class='ocrx_word' id='word_1_97' title='bbox 195 1329 342 1388; x_wconf 91' lang='lat' dir='ltr'>Hadriani</span> <span class='ocrx_word' id='word_1_98' title='bbox 367 1329 476 1414; x_wconf 79' lang='lat' dir='ltr'>aetatis</span> <span class='ocrx_word' id='word_1_99' title='bbox 503 1331 662 1388; x_wconf 88' lang='lat' dir='ltr'>auctorem.</span> <span class='ocrx_word' id='word_1_100' title='bbox 709 1326 767 1385; x_wconf 85' lang='lat' dir='ltr'>Sed</span> <span class='ocrx_word' id='word_1_101' title='bbox 795 1345 858 1386; x_wconf 90' lang='lat' dir='ltr'>rem</span> <span class='ocrx_word' id='word_1_102' title='bbox 885 1327 975 1402; x_wconf 88' lang='lat' dir='ltr'>paulo</span> <span class='ocrx_word' id='word_1_103' title='bbox 1002 1327 1148 1385; x_wconf 71' lang='lat' dir='ltr'>intentius</span> <span class='ocrx_word' id='word_1_104' title='bbox 1175 1347 1241 1402; x_wconf 90' lang='lat' dir='ltr'>per-</span> 
     </span>
     <span class='ocr_line' id='line_1_15' title="bbox 65 1409 1258 1496; baseline -0.007 -17"><span class='ocrx_word' id='word_1_105' title='bbox 65 1420 233 1496; x_wconf 77' lang='lat' dir='ltr'>quiramus.</span> <span class='ocrx_word' id='word_1_106' title='bbox 254 1419 372 1494; x_wconf 92' lang='lat' dir='ltr'>Inspice</span> <span class='ocrx_word' id='word_1_107' title='bbox 386 1419 473 1478; x_wconf 90' lang='lat' dir='ltr'>modo</span> <span class='ocrx_word' id='word_1_108' title='bbox 489 1419 625 1493; x_wconf 88' lang='lat' dir='ltr'>exempla</span> <span class='ocrx_word' id='word_1_109' title='bbox 639 1436 663 1477; x_wconf 91' lang='lat' dir='ltr'>s.</span> <span class='ocrx_word' id='word_1_110' title='bbox 677 1410 882 1492; x_wconf 86' lang='grc' dir='ltr'>Ἀρχίβιος,</span> <span class='ocrx_word' id='word_1_111' title='bbox 898 1410 1105 1475; x_wconf 90' lang='grc' dir='ltr'>Διονύςιος</span> <span class='ocrx_word' id='word_1_112' title='bbox 1120 1409 1258 1490; x_wconf 68' lang='grc' dir='ltr'>Ἀλεξς,Ι</span> 
     </span>
     <span class='ocr_line' id='line_1_16' title="bbox 65 1498 1242 1585; baseline -0.004 -15"><span class='ocrx_word' id='word_1_113' title='bbox 65 1504 315 1582; x_wconf 86' lang='grc' dir='ltr'>Μουςώνιος,</span> <span class='ocrx_word' id='word_1_114' title='bbox 338 1501 616 1581; x_wconf 84' lang='grc' dir='ltr'>Ἐπαφρόδιτος</span> <span class='ocrx_word' id='word_1_115' title='bbox 636 1498 825 1585; x_wconf 84' lang='grc' dir='ltr'>(διέπρεψεν</span> <span class='ocrx_word' id='word_1_116' title='bbox 843 1501 896 1564; x_wconf 82' lang='grc' dir='ltr'>ἐπὶ</span> <span class='ocrx_word' id='word_1_117' title='bbox 917 1501 1066 1578; x_wconf 88' lang='grc' dir='ltr'>Νέρωνος</span> <span class='ocrx_word' id='word_1_118' title='bbox 1084 1501 1134 1563; x_wconf 88' lang='grc' dir='ltr'>καὶ</span> <span class='ocrx_word' id='word_1_119' title='bbox 1153 1502 1242 1580; x_wconf 87' lang='grc' dir='ltr'>μέχρι</span> 
     </span>
     <span class='ocr_line' id='line_1_17' title="bbox 67 1588 1240 1673; baseline -0.003 -15"><span class='ocrx_word' id='word_1_120' title='bbox 67 1595 188 1673; x_wconf 86' lang='grc' dir='ltr'>Νέρβα,</span> <span class='ocrx_word' id='word_1_121' title='bbox 215 1591 297 1658; x_wconf 82' lang='grc' dir='ltr'>καθ’</span> <span class='ocrx_word' id='word_1_122' title='bbox 322 1593 365 1656; x_wconf 89' lang='grc' dir='ltr'>ὃν</span> <span class='ocrx_word' id='word_1_123' title='bbox 394 1591 538 1671; x_wconf 71' lang='grc' dir='ltr'>χρόνον,</span> <span class='ocrx_word' id='word_1_124' title='bbox 564 1591 624 1655; x_wconf 88' lang='grc' dir='ltr'>καὶ</span> <span class='ocrx_word' id='word_1_125' title='bbox 646 1592 892 1668; x_wconf 83' lang='grc' dir='ltr'>Πτολεμαῖος</span> <span class='ocrx_word' id='word_1_126' title='bbox 920 1588 939 1651; x_wconf 91' lang='grc' dir='ltr'>δ</span> <span class='ocrx_word' id='word_1_127' title='bbox 964 1589 1240 1668; x_wconf 91' lang='grc' dir='ltr'>Ἡφαιςτίωνος</span> 
     </span>
     <span class='ocr_line' id='line_1_18' title="bbox 63 1678 1240 1762; baseline -0.002 -16"><span class='ocrx_word' id='word_1_128' title='bbox 63 1684 111 1762; x_wconf 86' lang='grc' dir='ltr'>ἦν</span> <span class='ocrx_word' id='word_1_129' title='bbox 128 1683 197 1746; x_wconf 85' lang='grc' dir='ltr'>-καὶ</span> <span class='ocrx_word' id='word_1_130' title='bbox 224 1679 335 1746; x_wconf 89' lang='grc' dir='ltr'>ἄλλοι</span> <span class='ocrx_word' id='word_1_131' title='bbox 360 1681 491 1760; x_wconf 88' lang='grc' dir='ltr'>ςυχνοὶ</span> <span class='ocrx_word' id='word_1_132' title='bbox 513 1683 590 1744; x_wconf 85' lang='grc' dir='ltr'>τῶν</span> <span class='ocrx_word' id='word_1_133' title='bbox 613 1680 835 1758; x_wconf 87' lang='grc' dir='ltr'>ὀνομαςτιῦν</span> <span class='ocrx_word' id='word_1_134' title='bbox 861 1679 901 1742; x_wconf 87' lang='grc' dir='ltr'>έν</span> <span class='ocrx_word' id='word_1_135' title='bbox 925 1678 1091 1761; x_wconf 86' lang='grc' dir='ltr'>παιδείᾳ,</span> <span class='ocrx_word' id='word_1_136' title='bbox 1119 1684 1193 1744; x_wconf 87' lang='lat' dir='ltr'>conl.</span> <span class='ocrx_word' id='word_1_137' title='bbox 1217 1703 1240 1744; x_wconf 87' lang='lat' dir='ltr'>s.</span> 
     </span>
     <span class='ocr_line' id='line_1_19' title="bbox 64 1767 1241 1852; baseline -0.003 -16"><span class='ocrx_word' id='word_1_138' title='bbox 64 1773 316 1849; x_wconf 65' lang='lat' dir='ltr'>monetator</span> <span class='ocrx_word' id='word_1_139' title='bbox 340 1769 358 1833; x_wconf 89' lang='grc' dir='ltr'>ὁ</span> <span class='ocrx_word' id='word_1_140' title='bbox 381 1773 450 1834; x_wconf 89' lang='grc' dir='ltr'>τοῦ</span> <span class='ocrx_word' id='word_1_141' title='bbox 473 1769 765 1852; x_wconf 87' lang='grc' dir='ltr'>Ἡφαιςτίωνος,</span> <span class='ocrx_word' id='word_1_142' title='bbox 788 1768 932 1844; x_wconf 88' lang='grc' dir='ltr'>γεγονὼς</span> <span class='ocrx_word' id='word_1_143' title='bbox 957 1767 1009 1830; x_wconf 89' lang='grc' dir='ltr'>έπί</span> <span class='ocrx_word' id='word_1_144' title='bbox 1027 1787 1062 1830; x_wconf 89' lang='grc' dir='ltr'>τε</span> <span class='ocrx_word' id='word_1_145' title='bbox 1081 1767 1241 1846; x_wconf 84' lang='grc' dir='ltr'>Τραϊανοῦ</span> 
     </span>
     <span class='ocr_line' id='line_1_20' title="bbox 64 1855 1241 1942; baseline -0.004 -16"><span class='ocrx_word' id='word_1_146' title='bbox 64 1861 117 1926; x_wconf 89' lang='grc' dir='ltr'>καὶ</span> <span class='ocrx_word' id='word_1_147' title='bbox 127 1858 295 1939; x_wconf 90' lang='grc' dir='ltr'>Ἀδριανοῦ</span> <span class='ocrx_word' id='word_1_148' title='bbox 309 1863 375 1923; x_wconf 87' lang='grc' dir='ltr'>τῶν</span> <span class='ocrx_word' id='word_1_149' title='bbox 390 1855 660 1942; x_wconf 84' lang='grc' dir='ltr'>αὐτοκρατόρων),</span> <span class='ocrx_word' id='word_1_150' title='bbox 674 1860 828 1923; x_wconf 78' lang='grc' dir='ltr'>Παῦλος</span> <span class='ocrx_word' id='word_1_151' title='bbox 843 1857 993 1936; x_wconf 89' lang='grc' dir='ltr'>Τύριος,</span> <span class='ocrx_word' id='word_1_152' title='bbox 1009 1860 1116 1937; x_wconf 87' lang='lat' dir='ltr'>quibus</span> <span class='ocrx_word' id='word_1_153' title='bbox 1127 1862 1241 1921; x_wconf 90' lang='lat' dir='ltr'>accedit</span> 
     </span>
     <span class='ocr_line' id='line_1_21' title="bbox 63 1945 1239 2030; baseline -0.002 -18"><span class='ocrx_word' id='word_1_154' title='bbox 63 1953 280 2030; x_wconf 83' lang='lat' dir='ltr'>gravissimum</span> <span class='ocrx_word' id='word_1_155' title='bbox 294 1953 499 2013; x_wconf 86' lang='lat' dir='ltr'>testimonium</span> <span class='ocrx_word' id='word_1_156' title='bbox 514 1971 537 2012; x_wconf 87' lang='lat' dir='ltr'>s.</span> <span class='ocrx_word' id='word_1_157' title='bbox 550 1945 795 2026; x_wconf 89' lang='grc' dir='ltr'>Ἡρωδιανός·</span> <span class='ocrx_word' id='word_1_158' title='bbox 808 1947 925 2023; x_wconf 89' lang='grc' dir='ltr'>γέγονε</span> <span class='ocrx_word' id='word_1_159' title='bbox 940 1945 1019 2009; x_wconf 88' lang='grc' dir='ltr'>κατὰ</span> <span class='ocrx_word' id='word_1_160' title='bbox 1034 1945 1092 2009; x_wconf 90' lang='grc' dir='ltr'>τόν</span> <span class='ocrx_word' id='word_1_161' title='bbox 1104 1945 1239 2024; x_wconf 91' lang='grc' dir='ltr'>Καίςαρα</span> 
     </span>
     <span class='ocr_line' id='line_1_22' title="bbox 67 2034 1242 2118; baseline -0.003 -15"><span class='ocrx_word' id='word_1_162' title='bbox 67 2039 266 2103; x_wconf 83' lang='grc' dir='ltr'>Ἀντωνῖνον</span> <span class='ocrx_word' id='word_1_163' title='bbox 285 2038 343 2102; x_wconf 88' lang='grc' dir='ltr'>τὸν</span> <span class='ocrx_word' id='word_1_164' title='bbox 362 2038 413 2116; x_wconf 79' lang='grc' dir='ltr'>ιςαὶ</span> <span class='ocrx_word' id='word_1_165' title='bbox 428 2036 570 2116; x_wconf 89' lang='grc' dir='ltr'>Μάρκον,</span> <span class='ocrx_word' id='word_1_166' title='bbox 589 2035 634 2100; x_wconf 83' lang='grc' dir='ltr'>ὡς</span> <span class='ocrx_word' id='word_1_167' title='bbox 653 2037 815 2114; x_wconf 83' lang='grc' dir='ltr'>νεώτερον</span> <span class='ocrx_word' id='word_1_168' title='bbox 834 2034 915 2100; x_wconf 85' lang='grc' dir='ltr'>εἶναι</span> <span class='ocrx_word' id='word_1_169' title='bbox 934 2035 984 2098; x_wconf 81' lang='grc' dir='ltr'>καὶ</span> <span class='ocrx_word' id='word_1_170' title='bbox 998 2034 1170 2099; x_wconf 89' lang='grc' dir='ltr'>Διονυςίου</span> <span class='ocrx_word' id='word_1_171' title='bbox 1184 2040 1242 2118; x_wconf 84' lang='grc' dir='ltr'>τοῦ</span> 
     </span>
     <span class='ocr_line' id='line_1_23' title="bbox 62 2122 1240 2207; baseline -0.003 -16"><span class='ocrx_word' id='word_1_172' title='bbox 62 2131 125 2207; x_wconf 86' lang='grc' dir='ltr'>τὴν</span> <span class='ocrx_word' id='word_1_173' title='bbox 147 2129 297 2206; x_wconf 85' lang='grc' dir='ltr'>μουςικὴν</span> <span class='ocrx_word' id='word_1_174' title='bbox 320 2125 460 2204; x_wconf 84' lang='grc' dir='ltr'>ἱςτορίαν</span> <span class='ocrx_word' id='word_1_175' title='bbox 484 2125 670 2204; x_wconf 83' lang='grc' dir='ltr'>γράψαντος</span> <span class='ocrx_word' id='word_1_176' title='bbox 694 2126 744 2189; x_wconf 87' lang='grc' dir='ltr'>καὶ</span> <span class='ocrx_word' id='word_1_177' title='bbox 764 2139 918 2204; x_wconf 76' lang='grc' dir='ltr'>Φίλωνος</span> <span class='ocrx_word' id='word_1_178' title='bbox 941 2138 1002 2192; x_wconf 83' lang='grc' dir='ltr'>τοῦ</span> <span class='ocrx_word' id='word_1_179' title='bbox 1021 2138 1170 2206; x_wconf 61' lang='lat' dir='ltr'>Raetico</span> <span class='ocrx_word' id='word_1_180' title='bbox 1191 2122 1240 2207; x_wconf 89' lang='lat' dir='ltr'>(cf.</span> 
     </span>
     <span class='ocr_line' id='line_1_24' title="bbox 62 2215 1277 2298; baseline -0.003 -17"><span class='ocrx_word' id='word_1_181' title='bbox 62 2244 94 2298; x_wconf 90' lang='lat' dir='ltr'>p.</span> <span class='ocrx_word' id='word_1_182' title='bbox 113 2224 191 2295; x_wconf 78' lang='lat'>4103</span> <span class='ocrx_word' id='word_1_183' title='bbox 211 2221 361 2280; x_wconf 89' lang='lat' dir='ltr'>Waohsm.</span> <span class='ocrx_word' id='word_1_184' title='bbox 376 2221 394 2278; x_wconf 91' lang='lat' dir='ltr'>l.</span> <span class='ocrx_word' id='word_1_185' title='bbox 408 2221 427 2278; x_wconf 93' lang='lat' dir='ltr'>l.</span> <span class='ocrx_word' id='word_1_186' title='bbox 443 2241 471 2296; x_wconf 92' lang='lat' dir='ltr'>p.</span> <span class='ocrx_word' id='word_1_187' title='bbox 489 2220 565 2296; x_wconf 75' lang='lat'>1453</span> <span class='ocrx_word' id='word_1_188' title='bbox 583 2219 733 2280; x_wconf 83' lang='lat' dir='ltr'>Rohdium</span> <span class='ocrx_word' id='word_1_189' title='bbox 752 2218 829 2278; x_wconf 87' lang='lat' dir='ltr'>Mus.</span> <span class='ocrx_word' id='word_1_190' title='bbox 842 2218 897 2278; x_wconf 88' lang='lat' dir='ltr'>Rb.</span> <span class='ocrx_word' id='word_1_191' title='bbox 912 2237 940 2277; x_wconf 92' lang='lat' dir='ltr'>n.</span> <span class='ocrx_word' id='word_1_192' title='bbox 955 2215 1091 2292; x_wconf 89' lang='lat' dir='ltr'>XXXIV,</span> <span class='ocrx_word' id='word_1_193' title='bbox 1108 2218 1170 2277; x_wconf 84' lang='lat'>561</span> <span class='ocrx_word' id='word_1_194' title='bbox 1188 2237 1240 2294; x_wconf 74' lang='lat' dir='ltr'>sq,</span> <span class='ocrx_word' id='word_1_195' title='bbox 1276 2272 1277 2276; x_wconf 74' lang='grc'>,</span> 
     </span>
     <span class='ocr_line' id='line_1_25' title="bbox 49 2302 846 2391; baseline -0.008 -21"><span class='ocrx_word' id='word_1_196' title='bbox 49 2311 165 2387; x_wconf 79' lang='lat' dir='ltr'>¹quode</span> <span class='ocrx_word' id='word_1_197' title='bbox 183 2310 252 2370; x_wconf 84' lang='lat' dir='ltr'>ride</span> <span class='ocrx_word' id='word_1_198' title='bbox 271 2302 371 2391; x_wconf 84' lang='lat' dir='ltr'>infra).</span> <span class='ocrx_word' id='word_1_199' title='bbox 833 2365 846 2382; x_wconf 72' lang='grc'>,</span> 
     </span>
    </p>

    <p class='ocr_par' dir='ltr' id='par_1_4' title="bbox 35 2395 1242 3543">
     <span class='ocr_line' id='line_1_26' title="bbox 155 2395 1240 2472; baseline -0.003 -14"><span class='ocrx_word' id='word_1_200' title='bbox 155 2399 271 2458; x_wconf 83' lang='grc' dir='ltr'>Ηοιιιιιι</span> <span class='ocrx_word' id='word_1_201' title='bbox 293 2398 434 2458; x_wconf 86' lang='lat' dir='ltr'>universa</span> <span class='ocrx_word' id='word_1_202' title='bbox 456 2398 588 2458; x_wconf 90' lang='lat' dir='ltr'>condicio</span> <span class='ocrx_word' id='word_1_203' title='bbox 611 2415 709 2456; x_wconf 85' lang='lat' dir='ltr'>nonne</span> <span class='ocrx_word' id='word_1_204' title='bbox 732 2396 858 2456; x_wconf 90' lang='lat' dir='ltr'>firmiter</span> <span class='ocrx_word' id='word_1_205' title='bbox 876 2395 1054 2455; x_wconf 89' lang='lat' dir='ltr'>conroborat</span> <span class='ocrx_word' id='word_1_206' title='bbox 1071 2395 1240 2472; x_wconf 87' lang='lat' dir='ltr'>opinionem</span> 
     </span>
     <span class='ocr_line' id='line_1_27' title="bbox 64 2483 1240 2565; baseline -0.003 -17"><span class='ocrx_word' id='word_1_207' title='bbox 64 2507 158 2565; x_wconf 89' lang='lat' dir='ltr'>supra</span> <span class='ocrx_word' id='word_1_208' title='bbox 176 2488 360 2564; x_wconf 88' lang='lat' dir='ltr'>propositam</span> <span class='ocrx_word' id='word_1_209' title='bbox 379 2489 428 2548; x_wconf 86' lang='lat' dir='ltr'>vel</span> <span class='ocrx_word' id='word_1_210' title='bbox 446 2487 604 2563; x_wconf 85' lang='lat' dir='ltr'>imperiose</span> <span class='ocrx_word' id='word_1_211' title='bbox 623 2487 742 2563; x_wconf 87' lang='lat' dir='ltr'>flagitat</span> <span class='ocrx_word' id='word_1_212' title='bbox 760 2485 946 2544; x_wconf 88' lang='lat' dir='ltr'>luculentum</span> <span class='ocrx_word' id='word_1_213' title='bbox 964 2483 1112 2542; x_wconf 90' lang='lat' dir='ltr'>Hadriani</span> <span class='ocrx_word' id='word_1_214' title='bbox 1131 2505 1240 2561; x_wconf 88' lang='lat' dir='ltr'>aequa·</span> 
     </span>
     <span class='ocr_line' id='line_1_28' title="bbox 62 2573 1241 2652; baseline -0.003 -14"><span class='ocrx_word' id='word_1_215' title='bbox 62 2581 125 2638; x_wconf 89' lang='lat' dir='ltr'>lem</span> <span class='ocrx_word' id='word_1_216' title='bbox 144 2580 305 2652; x_wconf 77' lang='lat' dir='ltr'>auctorem,</span> <span class='ocrx_word' id='word_1_217' title='bbox 325 2577 375 2652; x_wconf 92' lang='lat' dir='ltr'>qui</span> <span class='ocrx_word' id='word_1_218' title='bbox 394 2578 547 2635; x_wconf 92' lang='lat' dir='ltr'>oratorum</span> <span class='ocrx_word' id='word_1_219' title='bbox 566 2575 768 2652; x_wconf 88' lang='lat' dir='ltr'>sophistarum</span> <span class='ocrx_word' id='word_1_220' title='bbox 782 2573 1045 2651; x_wconf 84' lang='lat' dir='ltr'>grammaticorum</span> <span class='ocrx_word' id='word_1_221' title='bbox 1059 2574 1241 2635; x_wconf 89' lang='lat' dir='ltr'>medicorum</span> 
     </span>
     <span class='ocr_line' id='line_1_29' title="bbox 62 2661 1240 2742; baseline -0.001 -17"><span class='ocrx_word' id='word_1_222' title='bbox 62 2687 120 2726; x_wconf 89' lang='lat' dir='ltr'>neo</span> <span class='ocrx_word' id='word_1_223' title='bbox 138 2685 198 2726; x_wconf 90' lang='lat' dir='ltr'>non</span> <span class='ocrx_word' id='word_1_224' title='bbox 212 2666 422 2726; x_wconf 85' lang='lat' dir='ltr'>historicorum</span> <span class='ocrx_word' id='word_1_225' title='bbox 436 2665 682 2742; x_wconf 88' lang='lat' dir='ltr'>pbilosophorum</span> <span class='ocrx_word' id='word_1_226' title='bbox 696 2667 843 2741; x_wconf 89' lang='lat' dir='ltr'>quotquot</span> <span class='ocrx_word' id='word_1_227' title='bbox 856 2663 925 2722; x_wconf 90' lang='lat' dir='ltr'>inde</span> <span class='ocrx_word' id='word_1_228' title='bbox 939 2662 977 2722; x_wconf 92' lang='lat' dir='ltr'>ab</span> <span class='ocrx_word' id='word_1_229' title='bbox 992 2661 1131 2740; x_wconf 86' lang='lat' dir='ltr'>Augusto</span> <span class='ocrx_word' id='word_1_230' title='bbox 1145 2683 1240 2741; x_wconf 89' lang='lat' dir='ltr'>usque</span> 
     </span>
     <span class='ocr_line' id='line_1_30' title="bbox 62 2753 1240 2831; baseline -0.001 -16"><span class='ocrx_word' id='word_1_231' title='bbox 62 2758 102 2815; x_wconf 88' lang='lat' dir='ltr'>ad</span> <span class='ocrx_word' id='word_1_232' title='bbox 124 2755 271 2820; x_wconf 87' lang='lat' dir='ltr'>Hadriani</span> <span class='ocrx_word' id='word_1_233' title='bbox 294 2759 430 2831; x_wconf 86' lang='lat' dir='ltr'>tempora</span> <span class='ocrx_word' id='word_1_234' title='bbox 453 2755 566 2814; x_wconf 87' lang='lat' dir='ltr'>Romae</span> <span class='ocrx_word' id='word_1_235' title='bbox 588 2753 778 2830; x_wconf 87' lang='lat' dir='ltr'>potissimum</span> <span class='ocrx_word' id='word_1_236' title='bbox 800 2754 928 2813; x_wconf 87' lang='lat' dir='ltr'>floruere</span> <span class='ocrx_word' id='word_1_237' title='bbox 951 2753 1126 2812; x_wconf 90' lang='lat' dir='ltr'>memoriam</span> <span class='ocrx_word' id='word_1_238' title='bbox 1150 2773 1240 2830; x_wconf 89' lang='lat' dir='ltr'>quarn</span> 
     </span>
     <span class='ocr_line' id='line_1_31' title="bbox 62 2841 1242 2921; baseline 0 -17"><span class='ocrx_word' id='word_1_239' title='bbox 62 2844 296 2921; x_wconf 82' lang='lat' dir='ltr'>diligentissime</span> <span class='ocrx_word' id='word_1_240' title='bbox 321 2843 499 2903; x_wconf 84' lang='lat' dir='ltr'>tradiderit?</span> <span class='ocrx_word' id='word_1_241' title='bbox 535 2844 598 2903; x_wconf 88' lang='lat' dir='ltr'>Nec</span> <span class='ocrx_word' id='word_1_242' title='bbox 621 2862 693 2904; x_wconf 84' lang='lat' dir='ltr'>vero</span> <span class='ocrx_word' id='word_1_243' title='bbox 716 2843 768 2902; x_wconf 89' lang='lat' dir='ltr'>ille</span> <span class='ocrx_word' id='word_1_244' title='bbox 791 2843 919 2901; x_wconf 85' lang='lat' dir='ltr'>incertos</span> <span class='ocrx_word' id='word_1_245' title='bbox 943 2860 996 2902; x_wconf 90' lang='lat' dir='ltr'>nos</span> <span class='ocrx_word' id='word_1_246' title='bbox 1019 2841 1156 2920; x_wconf 89' lang='lat' dir='ltr'>reliquit,</span> <span class='ocrx_word' id='word_1_247' title='bbox 1183 2864 1242 2920; x_wconf 87' lang='lat' dir='ltr'>qua</span> 
     </span>
     <span class='ocr_line' id='line_1_32' title="bbox 62 2931 1242 3016; baseline -0.002 -23"><span class='ocrx_word' id='word_1_248' title='bbox 62 2935 184 2993; x_wconf 89' lang='lat' dir='ltr'>ratione</span> <span class='ocrx_word' id='word_1_249' title='bbox 215 2952 288 3009; x_wconf 89' lang='lat' dir='ltr'>opus</span> <span class='ocrx_word' id='word_1_250' title='bbox 318 2952 406 2992; x_wconf 90' lang='lat' dir='ltr'>suum</span> <span class='ocrx_word' id='word_1_251' title='bbox 431 2931 631 3016; x_wconf 81' lang='lat' dir='ltr'>adornaverit.</span> <span class='ocrx_word' id='word_1_252' title='bbox 674 2931 809 3009; x_wconf 87' lang='lat' dir='ltr'>Adparet</span> <span class='ocrx_word' id='word_1_253' title='bbox 833 2931 974 2990; x_wconf 87' lang='lat' dir='ltr'>nimirum</span> <span class='ocrx_word' id='word_1_254' title='bbox 1001 2931 1079 2990; x_wconf 90' lang='lat' dir='ltr'>huno</span> <span class='ocrx_word' id='word_1_255' title='bbox 1108 2933 1242 3009; x_wconf 87' lang='lat' dir='ltr'>singulos</span> 
     </span>
     <span class='ocr_line' id='line_1_33' title="bbox 63 3020 1241 3098; baseline -0.001 -16"><span class='ocrx_word' id='word_1_256' title='bbox 63 3025 202 3082; x_wconf 80' lang='lat' dir='ltr'>auctores</span> <span class='ocrx_word' id='word_1_257' title='bbox 222 3022 261 3080; x_wconf 90' lang='lat' dir='ltr'>ad</span> <span class='ocrx_word' id='word_1_258' title='bbox 278 3023 494 3098; x_wconf 88' lang='lat' dir='ltr'>imperatorum</span> <span class='ocrx_word' id='word_1_259' title='bbox 513 3023 713 3082; x_wconf 90' lang='lat' dir='ltr'>Romanorum</span> <span class='ocrx_word' id='word_1_260' title='bbox 732 3021 888 3097; x_wconf 87' lang='lat' dir='ltr'>imperium</span> <span class='ocrx_word' id='word_1_261' title='bbox 908 3020 1064 3095; x_wconf 85' lang='lat' dir='ltr'>direxisse,</span> <span class='ocrx_word' id='word_1_262' title='bbox 1087 3039 1121 3080; x_wconf 88' lang='lat' dir='ltr'>ac</span> <span class='ocrx_word' id='word_1_263' title='bbox 1139 3022 1241 3082; x_wconf 84' lang='lat' dir='ltr'>videre</span> 
     </span>
     <span class='ocr_line' id='line_1_34' title="bbox 63 3098 1241 3188; baseline 0.001 -17"><span class='ocrx_word' id='word_1_264' title='bbox 63 3113 230 3171; x_wconf 88' lang='lat' dir='ltr'>etiamnum</span> <span class='ocrx_word' id='word_1_265' title='bbox 256 3111 327 3170; x_wconf 90' lang='lat' dir='ltr'>licet</span> <span class='ocrx_word' id='word_1_266' title='bbox 345 3111 477 3188; x_wconf 84' lang='lat' dir='ltr'>Augusti</span> <span class='ocrx_word' id='word_1_267' title='bbox 495 3112 624 3172; x_wconf 90' lang='lat' dir='ltr'>Neronis</span> <span class='ocrx_word' id='word_1_268' title='bbox 645 3111 766 3169; x_wconf 87' lang='lat' dir='ltr'>Traiani</span> <span class='ocrx_word' id='word_1_269' title='bbox 782 3110 928 3170; x_wconf 89' lang='lat' dir='ltr'>Hadriani</span> <span class='ocrx_word' id='word_1_270' title='bbox 949 3109 1086 3185; x_wconf 89' lang='lat' dir='ltr'>inprimis</span> <span class='ocrx_word' id='word_1_271' title='bbox 1110 3098 1241 3172; x_wconf 86' lang='lat' dir='ltr'>aetatem</span> 
     </span>
     <span class='ocr_line' id='line_1_35' title="bbox 62 3199 1239 3274; baseline 0.002 -15"><span class='ocrx_word' id='word_1_272' title='bbox 62 3201 185 3260; x_wconf 87' lang='lat' dir='ltr'>termini</span> <span class='ocrx_word' id='word_1_273' title='bbox 204 3201 254 3260; x_wconf 86' lang='lat' dir='ltr'>vel</span> <span class='ocrx_word' id='word_1_274' title='bbox 272 3200 377 3259; x_wconf 90' lang='lat' dir='ltr'>limitis</span> <span class='ocrx_word' id='word_1_275' title='bbox 396 3201 493 3260; x_wconf 87' lang='lat' dir='ltr'>instar</span> <span class='ocrx_word' id='word_1_276' title='bbox 513 3201 615 3261; x_wconf 88' lang='lat' dir='ltr'>fuisse.</span> <span class='ocrx_word' id='word_1_277' title='bbox 651 3200 714 3259; x_wconf 89' lang='lat' dir='ltr'>Nec</span> <span class='ocrx_word' id='word_1_278' title='bbox 733 3199 831 3260; x_wconf 89' lang='lat' dir='ltr'>minus</span> <span class='ocrx_word' id='word_1_279' title='bbox 850 3199 882 3259; x_wconf 89' lang='lat' dir='ltr'>in</span> <span class='ocrx_word' id='word_1_280' title='bbox 900 3199 1058 3274; x_wconf 90' lang='lat' dir='ltr'>propatulo</span> <span class='ocrx_word' id='word_1_281' title='bbox 1078 3201 1125 3258; x_wconf 90' lang='lat' dir='ltr'>est</span> <span class='ocrx_word' id='word_1_282' title='bbox 1144 3203 1239 3261; x_wconf 89' lang='lat' dir='ltr'>certas</span> 
     </span>
     <span class='ocr_line' id='line_1_36' title="bbox 63 3289 1239 3366; baseline 0 -18"><span class='ocrx_word' id='word_1_283' title='bbox 63 3291 191 3366; x_wconf 78' lang='lat' dir='ltr'>epocha-s</span> <span class='ocrx_word' id='word_1_284' title='bbox 215 3289 343 3349; x_wconf 88' lang='lat' dir='ltr'>maiores</span> <span class='ocrx_word' id='word_1_285' title='bbox 367 3289 525 3366; x_wconf 82' lang='lat' dir='ltr'>distingui,</span> <span class='ocrx_word' id='word_1_286' title='bbox 553 3293 691 3366; x_wconf 84' lang='lat' dir='ltr'>tempora</span> <span class='ocrx_word' id='word_1_287' title='bbox 719 3289 830 3348; x_wconf 87' lang='lat' dir='ltr'>scilicet</span> <span class='ocrx_word' id='word_1_288' title='bbox 853 3289 891 3347; x_wconf 91' lang='lat' dir='ltr'>ab</span> <span class='ocrx_word' id='word_1_289' title='bbox 914 3290 1054 3364; x_wconf 88' lang='lat' dir='ltr'>Augusto</span> <span class='ocrx_word' id='word_1_290' title='bbox 1078 3307 1172 3366; x_wconf 89' lang='lat' dir='ltr'>usque</span> <span class='ocrx_word' id='word_1_291' title='bbox 1201 3291 1239 3348; x_wconf 91' lang='lat' dir='ltr'>ad</span> 
     </span>
     <span class='ocr_line' id='line_1_37' title="bbox 35 3377 1239 3455; baseline 0 -17"><span class='ocrx_word' id='word_1_292' title='bbox 35 3402 39 3410; x_wconf 89' lang='lat'><em>·</em></span> <span class='ocrx_word' id='word_1_293' title='bbox 62 3379 190 3438; x_wconf 89' lang='lat' dir='ltr'>Neronis</span> <span class='ocrx_word' id='word_1_294' title='bbox 210 3379 377 3455; x_wconf 91' lang='lat' dir='ltr'>imperium,</span> <span class='ocrx_word' id='word_1_295' title='bbox 396 3379 465 3438; x_wconf 89' lang='lat' dir='ltr'>dein</span> <span class='ocrx_word' id='word_1_296' title='bbox 484 3399 502 3439; x_wconf 90' lang='lat' dir='ltr'>a</span> <span class='ocrx_word' id='word_1_297' title='bbox 520 3379 640 3439; x_wconf 89' lang='lat' dir='ltr'>Nerone</span> <span class='ocrx_word' id='word_1_298' title='bbox 659 3397 753 3454; x_wconf 87' lang='lat' dir='ltr'>usque</span> <span class='ocrx_word' id='word_1_299' title='bbox 771 3379 809 3436; x_wconf 93' lang='lat' dir='ltr'>ad</span> <span class='ocrx_word' id='word_1_300' title='bbox 824 3377 994 3454; x_wconf 87' lang='lat' dir='ltr'>Traianum,</span> <span class='ocrx_word' id='word_1_301' title='bbox 1013 3380 1079 3436; x_wconf 88' lang='lat' dir='ltr'>tum</span> <span class='ocrx_word' id='word_1_302' title='bbox 1093 3377 1239 3438; x_wconf 88' lang='lat' dir='ltr'>Hadriani</span> 
     </span>
     <span class='ocr_line' id='line_1_38' title="bbox 60 3469 296 3543; baseline 0.004 -15"><span class='ocrx_word' id='word_1_303' title='bbox 60 3488 169 3528; x_wconf 85' lang='lat' dir='ltr'>aevum</span> <span class='ocrx_word' id='word_1_304' title='bbox 188 3469 296 3543; x_wconf 87' lang='lat' dir='ltr'>ipsum.</span> 
     </span>
    </p>

    <p class='ocr_par' dir='ltr' id='par_1_5' title="bbox 60 3555 1239 4345">
     <span class='ocr_line' id='line_1_39' title="bbox 155 3555 1239 3632; baseline 0.002 -17"><span class='ocrx_word' id='word_1_305' title='bbox 155 3555 272 3628; x_wconf 88' lang='lat' dir='ltr'>Quibus</span> <span class='ocrx_word' id='word_1_306' title='bbox 296 3557 385 3616; x_wconf 91' lang='lat' dir='ltr'>rebus</span> <span class='ocrx_word' id='word_1_307' title='bbox 412 3557 569 3616; x_wconf 82' lang='lat' dir='ltr'>detineatis</span> <span class='ocrx_word' id='word_1_308' title='bbox 594 3557 618 3615; x_wconf 90' lang='lat' dir='ltr'>si</span> <span class='ocrx_word' id='word_1_309' title='bbox 641 3555 839 3632; x_wconf 89' lang='lat' dir='ltr'>anquirimus,</span> <span class='ocrx_word' id='word_1_310' title='bbox 870 3555 936 3630; x_wconf 91' lang='lat' dir='ltr'>quis</span> <span class='ocrx_word' id='word_1_311' title='bbox 960 3556 1022 3614; x_wconf 89' lang='lat' dir='ltr'>tale</span> <span class='ocrx_word' id='word_1_312' title='bbox 1046 3575 1120 3632; x_wconf 92' lang='lat' dir='ltr'>opus</span> <span class='ocrx_word' id='word_1_313' title='bbox 1143 3556 1239 3617; x_wconf 91' lang='lat' dir='ltr'>bonae</span> 
     </span>
     <span class='ocr_line' id='line_1_40' title="bbox 60 3644 1238 3722; baseline 0 -18"><span class='ocrx_word' id='word_1_314' title='bbox 60 3646 160 3722; x_wconf 82' lang='lat' dir='ltr'>frugis</span> <span class='ocrx_word' id='word_1_315' title='bbox 179 3645 386 3720; x_wconf 89' lang='lat' dir='ltr'>plenissimum</span> <span class='ocrx_word' id='word_1_316' title='bbox 406 3645 608 3721; x_wconf 89' lang='lat' dir='ltr'>conposuerit,</span> <span class='ocrx_word' id='word_1_317' title='bbox 633 3663 691 3704; x_wconf 89' lang='lat' dir='ltr'>non</span> <span class='ocrx_word' id='word_1_318' title='bbox 716 3645 766 3703; x_wconf 94' lang='lat' dir='ltr'>diu</span> <span class='ocrx_word' id='word_1_319' title='bbox 786 3663 894 3720; x_wconf 89' lang='lat' dir='ltr'>anceps</span> <span class='ocrx_word' id='word_1_320' title='bbox 914 3644 971 3703; x_wconf 91' lang='lat' dir='ltr'>erit</span> <span class='ocrx_word' id='word_1_321' title='bbox 988 3644 1144 3720; x_wconf 91' lang='lat' dir='ltr'>iudicium,</span> <span class='ocrx_word' id='word_1_322' title='bbox 1167 3647 1238 3704; x_wconf 92' lang='lat' dir='ltr'>dum</span> 
     </span>
     <span class='ocr_line' id='line_1_41' title="bbox 61 3727 1237 3809; baseline 0.001 -16"><span class='ocrx_word' id='word_1_323' title='bbox 61 3736 150 3795; x_wconf 88' lang='lat' dir='ltr'>modo</span> <span class='ocrx_word' id='word_1_324' title='bbox 179 3753 215 3793; x_wconf 84' lang='lat' dir='ltr'>ex</span> <span class='ocrx_word' id='word_1_325' title='bbox 242 3734 414 3794; x_wconf 89' lang='lat' dir='ltr'>testimonio</span> <span class='ocrx_word' id='word_1_326' title='bbox 438 3735 512 3793; x_wconf 87' lang='lat' dir='ltr'>satis</span> <span class='ocrx_word' id='word_1_327' title='bbox 537 3734 726 3793; x_wconf 87' lang='lat' dir='ltr'>memorabili</span> <span class='ocrx_word' id='word_1_328' title='bbox 749 3732 829 3809; x_wconf 91' lang='lat' dir='ltr'>quod</span> <span class='ocrx_word' id='word_1_329' title='bbox 852 3736 934 3792; x_wconf 85' lang='lat' dir='ltr'>extat</span> <span class='ocrx_word' id='word_1_330' title='bbox 957 3753 980 3794; x_wconf 91' lang='lat' dir='ltr'>s.</span> <span class='ocrx_word' id='word_1_331' title='bbox 1005 3727 1237 3807; x_wconf 87' lang='grc' dir='ltr'>Ἡρωδιανός</span> 
     </span>
     <span class='ocr_line' id='line_1_42' title="bbox 63 3818 1238 3899; baseline 0.001 -16"><span class='ocrx_word' id='word_1_332' title='bbox 63 3824 216 3899; x_wconf 87' lang='lat' dir='ltr'>conligere</span> <span class='ocrx_word' id='word_1_333' title='bbox 239 3823 352 3898; x_wconf 87' lang='lat' dir='ltr'>aliquid</span> <span class='ocrx_word' id='word_1_334' title='bbox 374 3823 509 3883; x_wconf 85' lang='lat' dir='ltr'>velimus.</span> <span class='ocrx_word' id='word_1_335' title='bbox 547 3823 671 3882; x_wconf 89' lang='lat' dir='ltr'>Accedit</span> <span class='ocrx_word' id='word_1_336' title='bbox 695 3823 773 3897; x_wconf 88' lang='lat' dir='ltr'>quod</span> <span class='ocrx_word' id='word_1_337' title='bbox 797 3841 819 3880; x_wconf 92' lang='lat' dir='ltr'>s.</span> <span class='ocrx_word' id='word_1_338' title='bbox 842 3818 974 3882; x_wconf 78' lang='grc' dir='ltr'>Παῦλος</span> <span class='ocrx_word' id='word_1_339' title='bbox 993 3818 1108 3896; x_wconf 88' lang='grc' dir='ltr'>Τύριος</span> <span class='ocrx_word' id='word_1_340' title='bbox 1126 3823 1238 3884; x_wconf 90' lang='lat' dir='ltr'>Paulus</span> 
     </span>
     <span class='ocr_line' id='line_1_43' title="bbox 61 3911 1238 3987; baseline 0.001 -15"><span class='ocrx_word' id='word_1_341' title='bbox 61 3912 198 3972; x_wconf 86' lang='lat' dir='ltr'>Philonis</span> <span class='ocrx_word' id='word_1_342' title='bbox 222 3912 355 3986; x_wconf 89' lang='lat' dir='ltr'>aequalis</span> <span class='ocrx_word' id='word_1_343' title='bbox 378 3911 471 3971; x_wconf 66' lang='lat' dir='ltr'>fiisse</span> <span class='ocrx_word' id='word_1_344' title='bbox 494 3912 615 3971; x_wconf 91' lang='lat' dir='ltr'>dicitur:</span> <span class='ocrx_word' id='word_1_345' title='bbox 643 3931 713 3970; x_wconf 88' lang='lat' dir='ltr'>nam</span> <span class='ocrx_word' id='word_1_346' title='bbox 736 3911 855 3971; x_wconf 86' lang='lat' dir='ltr'>videtur</span> <span class='ocrx_word' id='word_1_347' title='bbox 873 3911 959 3971; x_wconf 91' lang='lat' dir='ltr'>Philo</span> <span class='ocrx_word' id='word_1_348' title='bbox 983 3912 1142 3987; x_wconf 87' lang='lat' dir='ltr'>legationis</span> <span class='ocrx_word' id='word_1_349' title='bbox 1167 3932 1238 3974; x_wconf 88' lang='lat' dir='ltr'>suae</span> 
     </span>
     <span class='ocr_line' id='line_1_44' title="bbox 60 4000 1238 4077; baseline 0.001 -16"><span class='ocrx_word' id='word_1_350' title='bbox 60 4001 189 4061; x_wconf 90' lang='lat' dir='ltr'>inlibris</span> <span class='ocrx_word' id='word_1_351' title='bbox 201 4000 262 4060; x_wconf 91' lang='lat' dir='ltr'>suis</span> <span class='ocrx_word' id='word_1_352' title='bbox 274 4001 455 4060; x_wconf 89' lang='lat' dir='ltr'>mentionem</span> <span class='ocrx_word' id='word_1_353' title='bbox 468 4001 583 4077; x_wconf 89' lang='lat' dir='ltr'>fecisse,</span> <span class='ocrx_word' id='word_1_354' title='bbox 598 4004 687 4076; x_wconf 89' lang='lat' dir='ltr'>atque</span> <span class='ocrx_word' id='word_1_355' title='bbox 702 4020 769 4059; x_wconf 91' lang='lat' dir='ltr'>cum</span> <span class='ocrx_word' id='word_1_356' title='bbox 784 4001 820 4059; x_wconf 92' lang='lat' dir='ltr'>de</span> <span class='ocrx_word' id='word_1_357' title='bbox 835 4000 916 4077; x_wconf 86' lang='lat' dir='ltr'>Tyro</span> <span class='ocrx_word' id='word_1_358' title='bbox 931 4001 1089 4077; x_wconf 90' lang='lat' dir='ltr'>metropoli</span> <span class='ocrx_word' id='word_1_359' title='bbox 1103 4003 1238 4062; x_wconf 86' lang='lat' dir='ltr'>narravit</span> 
     </span>
     <span class='ocr_line' id='line_1_45' title="bbox 61 4083 1239 4168; baseline 0.002 -18"><span class='ocrx_word' id='word_1_360' title='bbox 61 4093 156 4150; x_wconf 90' lang='lat' dir='ltr'>etiam</span> <span class='ocrx_word' id='word_1_361' title='bbox 165 4085 363 4149; x_wconf 83' lang='lat' dir='ltr'>clarissimum</span> <span class='ocrx_word' id='word_1_362' title='bbox 374 4090 426 4165; x_wconf 90' lang='lat' dir='ltr'>qui</span> <span class='ocrx_word' id='word_1_363' title='bbox 436 4092 501 4148; x_wconf 90' lang='lat' dir='ltr'>turn</span> <span class='ocrx_word' id='word_1_364' title='bbox 511 4090 569 4149; x_wconf 84' lang='lat' dir='ltr'>fuit</span> <span class='ocrx_word' id='word_1_365' title='bbox 579 4090 674 4149; x_wconf 87' lang='lat' dir='ltr'>civem</span> <span class='ocrx_word' id='word_1_366' title='bbox 683 4090 810 4147; x_wconf 87' lang='lat' dir='ltr'>Paulum</span> <span class='ocrx_word' id='word_1_367' title='bbox 821 4108 1056 4150; x_wconf 87' lang='lat' dir='ltr'>conmemorasse</span> <span class='ocrx_word' id='word_1_368' title='bbox 1067 4083 1239 4168; x_wconf 87' lang='lat' dir='ltr'>(praeterea</span> 
     </span>
     <span class='ocr_line' id='line_1_46' title="bbox 61 4173 1237 4259; baseline -0.001 -19"><span class='ocrx_word' id='word_1_369' title='bbox 61 4181 96 4241; x_wconf 84' lang='lat' dir='ltr'>cf.</span> <span class='ocrx_word' id='word_1_370' title='bbox 117 4178 207 4242; x_wconf 65' lang='lat' dir='ltr'>Suid,</span> <span class='ocrx_word' id='word_1_371' title='bbox 221 4196 243 4236; x_wconf 93' lang='lat' dir='ltr'>s.</span> <span class='ocrx_word' id='word_1_372' title='bbox 264 4173 373 4238; x_wconf 88' lang='grc' dir='ltr'>Φίλων</span> <span class='ocrx_word' id='word_1_373' title='bbox 398 4173 544 4253; x_wconf 84' lang='grc' dir='ltr'>Βύβλιος,</span> <span class='ocrx_word' id='word_1_374' title='bbox 568 4180 599 4237; x_wconf 91' lang='lat' dir='ltr'>et</span> <span class='ocrx_word' id='word_1_375' title='bbox 617 4178 766 4239; x_wconf 87' lang='lat' dir='ltr'>Rohdium</span> <span class='ocrx_word' id='word_1_376' title='bbox 790 4179 810 4238; x_wconf 92' lang='lat' dir='ltr'>l.</span> <span class='ocrx_word' id='word_1_377' title='bbox 829 4179 848 4236; x_wconf 92' lang='lat' dir='ltr'>l.</span> <span class='ocrx_word' id='word_1_378' title='bbox 869 4180 941 4254; x_wconf 77' lang='lat'>561,</span> <span class='ocrx_word' id='word_1_379' title='bbox 961 4199 994 4248; x_wconf 73' lang='lat' dir='ltr'>n,</span> <span class='ocrx_word' id='word_1_380' title='bbox 1012 4173 1052 4259; x_wconf 89' lang='lat'>1).</span> <span class='ocrx_word' id='word_1_381' title='bbox 1089 4181 1237 4239; x_wconf 71' lang='lat' dir='ltr'>Philonem</span> 
     </span>
     <span class='ocr_line' id='line_1_47' title="bbox 60 4267 1238 4345; baseline 0.001 -16"><span class='ocrx_word' id='word_1_382' title='bbox 60 4273 152 4345; x_wconf 76' lang='lat' dir='ltr'>ipitar·</span> <span class='ocrx_word' id='word_1_383' title='bbox 176 4267 318 4342; x_wconf 69' lang='lat' dir='ltr'>Bybliam</span> <span class='ocrx_word' id='word_1_384' title='bbox 339 4267 533 4342; x_wconf 84' lang='lat' dir='ltr'>praecipuum</span> <span class='ocrx_word' id='word_1_385' title='bbox 560 4267 668 4327; x_wconf 88' lang='lat' dir='ltr'>harum</span> <span class='ocrx_word' id='word_1_386' title='bbox 691 4267 878 4328; x_wconf 88' lang='lat' dir='ltr'>notationum</span> <span class='ocrx_word' id='word_1_387' title='bbox 906 4270 1059 4328; x_wconf 82' lang='lat' dir='ltr'>auctorem</span> <span class='ocrx_word' id='word_1_388' title='bbox 1087 4288 1152 4330; x_wconf 88' lang='lat' dir='ltr'>csse</span> <span class='ocrx_word' id='word_1_389' title='bbox 1179 4271 1238 4330; x_wconf 89' lang='lat' dir='ltr'>iam</span> 
     </span>
    </p>
   </div>
   <div class='ocr_carea' id='block_1_3' title="bbox 985 4366 1023 4422">
    <p class='ocr_par' dir='ltr' id='par_1_6' title="bbox 985 4366 1023 4422">
     <span class='ocr_line' id='line_1_48' title="bbox 985 4366 1023 4422; baseline 0 -22"><span class='ocrx_word' id='word_1_390' title='bbox 985 4366 1023 4422; x_wconf 72' lang='lat'>3*</span> 
     </span>
    </p>
   </div>
   <div class='ocr_carea' id='block_1_4' title="bbox 0 0 1444 4726">
    <p class='ocr_par' dir='ltr' id='par_1_7' title="bbox 0 0 1444 4726">
     <span class='ocr_line' id='line_1_49' title="bbox 0 0 1444 4726; baseline 0 1"><span class='ocrx_word' id='word_1_391' title='bbox 0 0 1444 4726; x_wconf 95' lang='lat' dir='ltr'> </span> 
     </span>
    </p>
   </div>
  </div>
 </body>
</html>
