<?xml version="1.0" encoding="UTF-8"?>
<!DOCTYPE html PUBLIC "-//W3C//DTD XHTML 1.0 Transitional//EN"
    "http://www.w3.org/TR/xhtml1/DTD/xhtml1-transitional.dtd">
<html xmlns="http://www.w3.org/1999/xhtml" xml:lang="en" lang="en">
 <head>
  <title>
</title>
<meta http-equiv="Content-Type" content="text/html;charset=utf-8" />
  <meta name='ocr-system' content='tesseract 3.04.00' />
  <meta name='ocr-capabilities' content='ocr_page ocr_carea ocr_par ocr_line ocrx_word'/>
</head>
<body>
  <div class='ocr_page' id='page_1' title='image "./desuidaebiograp00daubgoog_0019.png"; bbox 0 0 2878 4726; ppageno 0'>
   <div class='ocr_carea' id='block_1_1' title="bbox 192 86 846 158">
    <p class='ocr_par' dir='ltr' id='par_1_1' title="bbox 192 86 846 158">
     <span class='ocr_line' id='line_1_1' title="bbox 192 86 846 158; baseline -0.003 -14"><span class='ocrx_word' id='word_1_1' title='bbox 192 92 233 158; x_wconf 82' lang='lat'><strong>16</strong></span> <span class='ocrx_word' id='word_1_2' title='bbox 699 89 732 144; x_wconf 83' lang='grc' dir='ltr'><strong>Α.</strong></span> <span class='ocrx_word' id='word_1_3' title='bbox 752 86 846 143; x_wconf 80' lang='lat' dir='ltr'><strong>Dauhr</strong></span> 
     </span>
    </p>
   </div>
   <div class='ocr_carea' id='block_1_2' title="bbox 190 252 1362 425">
    <p class='ocr_par' dir='ltr' id='par_1_2' title="bbox 190 252 1362 425">
     <span class='ocr_line' id='line_1_2' title="bbox 282 252 1362 328; baseline -0.006 -12"><span class='ocrx_word' id='word_1_4' title='bbox 282 257 443 317; x_wconf 86' lang='lat' dir='ltr'><strong>Enimvero</strong></span> <span class='ocrx_word' id='word_1_5' title='bbox 461 257 497 315; x_wconf 92' lang='lat' dir='ltr'><strong>in</strong></span> <span class='ocrx_word' id='word_1_6' title='bbox 515 257 571 316; x_wconf 90' lang='lat' dir='ltr'><strong>his</strong></span> <span class='ocrx_word' id='word_1_7' title='bbox 590 257 681 315; x_wconf 91' lang='lat' dir='ltr'><strong>item</strong></span> <span class='ocrx_word' id='word_1_8' title='bbox 699 255 742 314; x_wconf 86' lang='lat' dir='ltr'><strong>ad</strong></span> <span class='ocrx_word' id='word_1_9' title='bbox 761 255 973 314; x_wconf 88' lang='lat' dir='ltr'><strong>litterarum</strong></span> <span class='ocrx_word' id='word_1_10' title='bbox 989 252 1148 312; x_wconf 82' lang='lat' dir='ltr'>ordinem</span> <span class='ocrx_word' id='word_1_11' title='bbox 1162 252 1362 328; x_wconf 74' lang='lat' dir='ltr'><strong>dispositae</strong></span> 
     </span>
     <span class='ocr_line' id='line_1_3' title="bbox 190 335 1360 425; baseline -0.005 -19"><span class='ocrx_word' id='word_1_12' title='bbox 190 346 432 425; x_wconf 66' lang='lat' dir='ltr'><strong>reperiuntur</strong></span> <span class='ocrx_word' id='word_1_13' title='bbox 454 346 589 423; x_wconf 89' lang='lat' dir='ltr'><strong>tabulae,</strong></span> <span class='ocrx_word' id='word_1_14' title='bbox 616 361 743 421; x_wconf 88' lang='lat' dir='ltr'><strong>quarum</strong></span> <span class='ocrx_word' id='word_1_15' title='bbox 765 344 918 402; x_wconf 91' lang='lat' dir='ltr'><strong>luculenta</strong></span> <span class='ocrx_word' id='word_1_16' title='bbox 942 342 1122 418; x_wconf 77' lang='lat' dir='ltr'><strong>exemplos.</strong></span> <span class='ocrx_word' id='word_1_17' title='bbox 1150 335 1360 416; x_wconf 78' lang='grc' dir='ltr'>Νίκανδροτ</span> 
     </span>
    </p>
   </div>
   <div class='ocr_carea' id='block_1_3' title="bbox 190 423 1429 2651">
    <p class='ocr_par' dir='ltr' id='par_1_3' title="bbox 190 423 1429 2480">
     <span class='ocr_line' id='line_1_4' title="bbox 191 423 1362 514; baseline -0.007 -17"><span class='ocrx_word' id='word_1_18' title='bbox 191 439 221 497; x_wconf 90' lang='lat' dir='ltr'><strong>et</strong></span> <span class='ocrx_word' id='word_1_19' title='bbox 237 437 268 514; x_wconf 75' lang='lat' dir='ltr'><strong>s.</strong></span> <span class='ocrx_word' id='word_1_20' title='bbox 292 430 491 510; x_wconf 77' lang='grc' dir='ltr'>Εὐφορίων</span> <span class='ocrx_word' id='word_1_21' title='bbox 517 437 620 494; x_wconf 84' lang='lat' dir='ltr'><strong>extare</strong></span> <span class='ocrx_word' id='word_1_22' title='bbox 644 434 704 493; x_wconf 87' lang='lat' dir='ltr'><strong>iarn</strong></span> <span class='ocrx_word' id='word_1_23' title='bbox 727 432 924 492; x_wconf 82' lang='lat' dir='ltr'><strong>Schneiderus</strong></span> <span class='ocrx_word' id='word_1_24' title='bbox 949 423 1039 514; x_wconf 80' lang='lat' dir='ltr'><strong>(Call.</strong></span> <span class='ocrx_word' id='word_1_25' title='bbox 1057 429 1101 506; x_wconf 85' lang='grc' dir='ltr'><strong>Π,</strong></span> <span class='ocrx_word' id='word_1_26' title='bbox 1121 423 1177 512; x_wconf 82' lang='lat'><strong>32)</strong></span> <span class='ocrx_word' id='word_1_27' title='bbox 1204 430 1362 508; x_wconf 62' lang='lat' dir='ltr'><strong>perspexit.</strong></span> 
     </span>
     <span class='ocr_line' id='line_1_5' title="bbox 191 514 1361 603; baseline -0.005 -19"><span class='ocrx_word' id='word_1_28' title='bbox 191 526 298 603; x_wconf 88' lang='lat' dir='ltr'><strong>quibus</strong></span> <span class='ocrx_word' id='word_1_29' title='bbox 317 545 345 585; x_wconf 85' lang='lat' dir='ltr'><strong>r.</strong></span> <span class='ocrx_word' id='word_1_30' title='bbox 363 518 535 584; x_wconf 81' lang='grc' dir='ltr'>Ἡτῐοδοτ</span> <span class='ocrx_word' id='word_1_31' title='bbox 557 543 611 584; x_wconf 89' lang='lat' dir='ltr'><strong>neo</strong></span> <span class='ocrx_word' id='word_1_32' title='bbox 634 541 695 583; x_wconf 90' lang='lat' dir='ltr'><strong>non</strong></span> <span class='ocrx_word' id='word_1_33' title='bbox 713 514 1361 595; x_wconf 70' lang='lat' dir='ltr'><strong>v.l&#39;lnvd&#39;nc1cetfiipotnocWaehs-</strong></span> 
     </span>
     <span class='ocr_line' id='line_1_6' title="bbox 190 603 1363 694; baseline -0.006 -20"><span class='ocrx_word' id='word_1_34' title='bbox 190 615 323 676; x_wconf 86' lang='lat' dir='ltr'><strong>muthius</strong></span> <span class='ocrx_word' id='word_1_35' title='bbox 343 607 410 694; x_wconf 84' lang='grc'><strong>(1.1.</strong></span> <span class='ocrx_word' id='word_1_36' title='bbox 429 634 456 689; x_wconf 89' lang='lat' dir='ltr'><strong>p.</strong></span> <span class='ocrx_word' id='word_1_37' title='bbox 468 616 546 692; x_wconf 29' lang='lat'>¹149,</span> <span class='ocrx_word' id='word_1_38' title='bbox 566 617 597 673; x_wconf 91' lang='lat' dir='ltr'><strong>et</strong></span> <span class='ocrx_word' id='word_1_39' title='bbox 612 615 673 673; x_wconf 90' lang='lat' dir='ltr'><strong>not.</strong></span> <span class='ocrx_word' id='word_1_40' title='bbox 689 603 746 692; x_wconf 85' lang='grc'><strong>38)</strong></span> <span class='ocrx_word' id='word_1_41' title='bbox 766 611 888 671; x_wconf 82' lang='lat' dir='ltr'><strong>addidit.</strong></span> <span class='ocrx_word' id='word_1_42' title='bbox 927 609 992 681; x_wconf 82' lang='lat' dir='ltr'><strong>Qua</strong></span> <span class='ocrx_word' id='word_1_43' title='bbox 1009 610 1041 668; x_wconf 94' lang='lat' dir='ltr'><strong>in</strong></span> <span class='ocrx_word' id='word_1_44' title='bbox 1059 629 1092 669; x_wconf 88' lang='lat' dir='ltr'><strong>re</strong></span> <span class='ocrx_word' id='word_1_45' title='bbox 1111 630 1203 669; x_wconf 87' lang='lat' dir='ltr'><strong>unum</strong></span> <span class='ocrx_word' id='word_1_46' title='bbox 1223 609 1363 686; x_wconf 79' lang='lat' dir='ltr'><strong>gravissi-</strong></span> 
     </span>
     <span class='ocr_line' id='line_1_7' title="bbox 190 699 1362 780; baseline -0.006 -16"><span class='ocrx_word' id='word_1_47' title='bbox 190 724 273 766; x_wconf 88' lang='lat' dir='ltr'><strong>mum</strong></span> <span class='ocrx_word' id='word_1_48' title='bbox 295 707 350 763; x_wconf 88' lang='lat' dir='ltr'><strong>eet.</strong></span> <span class='ocrx_word' id='word_1_49' title='bbox 386 703 487 780; x_wconf 87' lang='lat' dir='ltr'><strong>Nam,</strong></span> <span class='ocrx_word' id='word_1_50' title='bbox 511 703 590 779; x_wconf 91' lang='lat' dir='ltr'><strong>quod</strong></span> <span class='ocrx_word' id='word_1_51' title='bbox 614 702 774 762; x_wconf 87' lang='lat' dir='ltr'><strong>nemodurn</strong></span> <span class='ocrx_word' id='word_1_52' title='bbox 792 700 913 760; x_wconf 84' lang='lat' dir='ltr'><strong>disertis</strong></span> <span class='ocrx_word' id='word_1_53' title='bbox 932 700 1033 760; x_wconf 87' lang='lat' dir='ltr'><strong>verbis</strong></span> <span class='ocrx_word' id='word_1_54' title='bbox 1051 699 1180 773; x_wconf 89' lang='lat' dir='ltr'><strong>monuit,</strong></span> <span class='ocrx_word' id='word_1_55' title='bbox 1204 699 1362 778; x_wconf 77' lang='lat' dir='ltr'><strong>ordinem</strong></span> 
     </span>
     <span class='ocr_line' id='line_1_8' title="bbox 191 787 1364 870; baseline -0.005 -17"><span class='ocrx_word' id='word_1_56' title='bbox 191 793 464 870; x_wconf 88' lang='lat' dir='ltr'><strong>alphabeticum</strong></span> <span class='ocrx_word' id='word_1_57' title='bbox 487 810 556 852; x_wconf 92' lang='lat' dir='ltr'><strong>nen</strong></span> <span class='ocrx_word' id='word_1_58' title='bbox 579 794 762 852; x_wconf 85' lang='lat' dir='ltr'><strong>servatum</strong></span> <span class='ocrx_word' id='word_1_59' title='bbox 786 790 965 850; x_wconf 86' lang='lat' dir='ltr'><strong>cernimus</strong></span> <span class='ocrx_word' id='word_1_60' title='bbox 989 787 1064 848; x_wconf 80' lang='lat' dir='ltr'><strong>nisi</strong></span> <span class='ocrx_word' id='word_1_61' title='bbox 1086 789 1122 848; x_wconf 92' lang='lat' dir='ltr'><strong>in</strong></span> <span class='ocrx_word' id='word_1_62' title='bbox 1144 788 1252 847; x_wconf 89' lang='lat' dir='ltr'><strong>libris</strong></span> <span class='ocrx_word' id='word_1_63' title='bbox 1271 789 1364 848; x_wconf 87' lang='lat' dir='ltr'><strong>eins-</strong></span> 
     </span>
     <span class='ocr_line' id='line_1_9' title="bbox 191 876 1425 960; baseline -0.006 -17"><span class='ocrx_word' id='word_1_64' title='bbox 191 884 269 943; x_wconf 90' lang='lat' dir='ltr'><strong>dem</strong></span> <span class='ocrx_word' id='word_1_65' title='bbox 283 882 429 960; x_wconf 85' lang='lat' dir='ltr'><strong>generis</strong></span> <span class='ocrx_word' id='word_1_66' title='bbox 443 881 625 942; x_wconf 88' lang='lat' dir='ltr'><strong>indolisve</strong></span> <span class='ocrx_word' id='word_1_67' title='bbox 638 880 886 954; x_wconf 80' lang='lat' dir='ltr'>recensendis,</span> <span class='ocrx_word' id='word_1_68' title='bbox 899 879 918 939; x_wconf 93' lang='lat' dir='ltr'><strong>i.</strong></span> <span class='ocrx_word' id='word_1_69' title='bbox 930 898 955 939; x_wconf 91' lang='lat' dir='ltr'><strong>e.</strong></span> <span class='ocrx_word' id='word_1_70' title='bbox 969 879 1183 955; x_wconf 88' lang='lat' dir='ltr'><strong>plerumque</strong></span> <span class='ocrx_word' id='word_1_71' title='bbox 1197 876 1364 955; x_wconf 89' lang='lat' dir='ltr'><strong>poeticis,</strong></span> <span class='ocrx_word' id='word_1_72' title='bbox 1424 885 1425 898; x_wconf 64' lang='lat'>¹</span> 
     </span>
     <span class='ocr_line' id='line_1_10' title="bbox 191 965 1362 1047; baseline -0.005 -16"><span class='ocrx_word' id='word_1_73' title='bbox 191 991 369 1047; x_wconf 78' lang='lat' dir='ltr'><strong>nusquam</strong></span> <span class='ocrx_word' id='word_1_74' title='bbox 392 971 569 1030; x_wconf 87' lang='lat' dir='ltr'><strong>tamenin</strong></span> <span class='ocrx_word' id='word_1_75' title='bbox 594 970 744 1046; x_wconf 90' lang='lat' dir='ltr'><strong>scriptis</strong></span> <span class='ocrx_word' id='word_1_76' title='bbox 768 968 913 1046; x_wconf 84' lang='lat' dir='ltr'><strong>generis</strong></span> <span class='ocrx_word' id='word_1_77' title='bbox 939 968 1089 1041; x_wconf 84' lang='lat' dir='ltr'><strong>diversi,</strong></span> <span class='ocrx_word' id='word_1_78' title='bbox 1118 967 1171 1026; x_wconf 89' lang='lat' dir='ltr'><strong>ita</strong></span> <span class='ocrx_word' id='word_1_79' title='bbox 1194 969 1233 1026; x_wconf 87' lang='lat' dir='ltr'><strong>ut</strong></span> <span class='ocrx_word' id='word_1_80' title='bbox 1255 965 1362 1041; x_wconf 90' lang='grc' dir='ltr'>ποιή-</span> 
     </span>
     <span class='ocr_line' id='line_1_11' title="bbox 191 1053 1365 1137; baseline -0.006 -16"><span class='ocrx_word' id='word_1_81' title='bbox 191 1077 289 1136; x_wconf 90' lang='grc' dir='ltr'>ματα</span> <span class='ocrx_word' id='word_1_82' title='bbox 322 1063 357 1120; x_wconf 91' lang='lat' dir='ltr'><strong>et</strong></span> <span class='ocrx_word' id='word_1_83' title='bbox 388 1061 573 1137; x_wconf 89' lang='lat' dir='ltr'><strong>pedestris</strong></span> <span class='ocrx_word' id='word_1_84' title='bbox 606 1058 780 1120; x_wconf 88' lang='lat' dir='ltr'><strong>sermonis</strong></span> <span class='ocrx_word' id='word_1_85' title='bbox 814 1059 1035 1134; x_wconf 77' lang='lat' dir='ltr'><strong>scriptiones</strong></span> <span class='ocrx_word' id='word_1_86' title='bbox 1068 1059 1240 1117; x_wconf 71' lang='lat' dir='ltr'><strong>coniunctim</strong></span> <span class='ocrx_word' id='word_1_87' title='bbox 1271 1053 1365 1116; x_wconf 87' lang='grc' dir='ltr'>κατὰ</span> 
     </span>
     <span class='ocr_line' id='line_1_12' title="bbox 192 1145 1426 1226; baseline -0.002 -17"><span class='ocrx_word' id='word_1_88' title='bbox 192 1150 386 1223; x_wconf 79' lang='grc' dir='ltr'>ετοιχεῑον</span> <span class='ocrx_word' id='word_1_89' title='bbox 409 1169 477 1208; x_wconf 90' lang='lat' dir='ltr'><strong>non</strong></span> <span class='ocrx_word' id='word_1_90' title='bbox 499 1149 708 1226; x_wconf 85' lang='lat' dir='ltr'><strong>procedant</strong></span> <span class='ocrx_word' id='word_1_91' title='bbox 743 1147 838 1225; x_wconf 90' lang='lat' dir='ltr'><strong>quue</strong></span> <span class='ocrx_word' id='word_1_92' title='bbox 861 1149 911 1209; x_wconf 88' lang='lat' dir='ltr'><strong>vel</strong></span> <span class='ocrx_word' id='word_1_93' title='bbox 932 1147 1059 1208; x_wconf 88' lang='lat' dir='ltr'><strong>maxime</strong></span> <span class='ocrx_word' id='word_1_94' title='bbox 1082 1147 1161 1206; x_wconf 87' lang='lat' dir='ltr'><strong>cadit</strong></span> <span class='ocrx_word' id='word_1_95' title='bbox 1184 1146 1216 1204; x_wconf 93' lang='lat' dir='ltr'><strong>in</strong></span> <span class='ocrx_word' id='word_1_96' title='bbox 1239 1145 1364 1206; x_wconf 82' lang='lat' dir='ltr'><strong>Alexan·</strong></span> <span class='ocrx_word' id='word_1_97' title='bbox 1425 1169 1426 1194; x_wconf 75' lang='grc' dir='ltr'>ι</span> 
     </span>
     <span class='ocr_line' id='line_1_13' title="bbox 193 1236 1365 1314; baseline -0.003 -16"><span class='ocrx_word' id='word_1_98' title='bbox 193 1240 345 1298; x_wconf 88' lang='lat' dir='ltr'><strong>drincrum</strong></span> <span class='ocrx_word' id='word_1_99' title='bbox 363 1243 520 1314; x_wconf 86' lang='lat' dir='ltr'><strong>poetarum</strong></span> <span class='ocrx_word' id='word_1_100' title='bbox 539 1239 650 1298; x_wconf 88' lang='lat' dir='ltr'><strong>indices</strong></span> <span class='ocrx_word' id='word_1_101' title='bbox 669 1257 705 1297; x_wconf 86' lang='lat' dir='ltr'><strong>ex</strong></span> <span class='ocrx_word' id='word_1_102' title='bbox 723 1238 893 1298; x_wconf 87' lang='lat' dir='ltr'><strong>litterarum</strong></span> <span class='ocrx_word' id='word_1_103' title='bbox 908 1237 1010 1297; x_wconf 86' lang='lat' dir='ltr'>ordine</span> <span class='ocrx_word' id='word_1_104' title='bbox 1025 1236 1167 1312; x_wconf 83' lang='lat' dir='ltr'><strong>digestos,</strong></span> <span class='ocrx_word' id='word_1_105' title='bbox 1187 1253 1261 1312; x_wconf 88' lang='lat' dir='ltr'><strong>quos</strong></span> <span class='ocrx_word' id='word_1_106' title='bbox 1275 1254 1365 1312; x_wconf 88' lang='lat' dir='ltr'><strong>prosa</strong></span> 
     </span>
     <span class='ocr_line' id='line_1_14' title="bbox 193 1321 1365 1405; baseline -0.003 -18"><span class='ocrx_word' id='word_1_107' title='bbox 193 1347 310 1405; x_wconf 87' lang='lat' dir='ltr'><strong>quoque</strong></span> <span class='ocrx_word' id='word_1_108' title='bbox 334 1328 469 1388; x_wconf 88' lang='lat' dir='ltr'><strong>oratione</strong></span> <span class='ocrx_word' id='word_1_109' title='bbox 492 1329 584 1388; x_wconf 88' lang='lat' dir='ltr'><strong>libros</strong></span> <span class='ocrx_word' id='word_1_110' title='bbox 610 1327 801 1404; x_wconf 86' lang='lat' dir='ltr'><strong>conposuisse</strong></span> <span class='ocrx_word' id='word_1_111' title='bbox 818 1345 906 1386; x_wconf 89' lang='lat' dir='ltr'><strong>nemo</strong></span> <span class='ocrx_word' id='word_1_112' title='bbox 924 1327 1052 1402; x_wconf 84' lang='lat' dir='ltr'><strong>ignorat.</strong></span> <span class='ocrx_word' id='word_1_113' title='bbox 1089 1324 1182 1384; x_wconf 88' lang='lat' dir='ltr'><strong>Velut</strong></span> <span class='ocrx_word' id='word_1_114' title='bbox 1200 1343 1223 1386; x_wconf 91' lang='lat' dir='ltr'><strong>s.</strong></span> <span class='ocrx_word' id='word_1_115' title='bbox 1242 1321 1365 1400; x_wconf 81' lang='grc' dir='ltr'>Εὐφο-</span> 
     </span>
     <span class='ocr_line' id='line_1_15' title="bbox 192 1413 1427 1494; baseline -0.002 -18"><span class='ocrx_word' id='word_1_116' title='bbox 192 1413 287 1492; x_wconf 90' lang='grc' dir='ltr'>ρίων</span> <span class='ocrx_word' id='word_1_117' title='bbox 306 1417 389 1494; x_wconf 83' lang='lat' dir='ltr'><strong>opica</strong></span> <span class='ocrx_word' id='word_1_118' title='bbox 408 1420 527 1477; x_wconf 87' lang='lat' dir='ltr'><strong>tantum</strong></span> <span class='ocrx_word' id='word_1_119' title='bbox 546 1417 676 1477; x_wconf 86' lang='lat' dir='ltr'><strong>carmina</strong></span> <span class='ocrx_word' id='word_1_120' title='bbox 695 1419 916 1493; x_wconf 88' lang='lat' dir='ltr'><strong>enumerantur,</strong></span> <span class='ocrx_word' id='word_1_121' title='bbox 935 1416 966 1475; x_wconf 89' lang='lat' dir='ltr'><strong>id</strong></span> <span class='ocrx_word' id='word_1_122' title='bbox 981 1414 1057 1491; x_wconf 89' lang='lat' dir='ltr'><strong>quod</strong></span> <span class='ocrx_word' id='word_1_123' title='bbox 1074 1415 1138 1490; x_wconf 91' lang='lat' dir='ltr'><strong>ipsa</strong></span> <span class='ocrx_word' id='word_1_124' title='bbox 1153 1413 1262 1474; x_wconf 85' lang='lat' dir='ltr'><strong>Suidae</strong></span> <span class='ocrx_word' id='word_1_125' title='bbox 1277 1416 1368 1474; x_wconf 85' lang='lat' dir='ltr'><strong>verba</strong></span> <span class='ocrx_word' id='word_1_126' title='bbox 1426 1459 1427 1474; x_wconf 50' lang='grc' dir='ltr'>ι</span> 
     </span>
     <span class='ocr_line' id='line_1_16' title="bbox 193 1492 1367 1584; baseline -0.003 -18"><span class='ocrx_word' id='word_1_127' title='bbox 193 1506 306 1584; x_wconf 90' lang='lat' dir='ltr'><strong>liquido</strong></span> <span class='ocrx_word' id='word_1_128' title='bbox 321 1510 546 1568; x_wconf 88' lang='lat' dir='ltr'><strong>conmonetrant</strong></span> <span class='ocrx_word' id='word_1_129' title='bbox 559 1501 677 1582; x_wconf 81' lang='grc' dir='ltr'>(βιβλία</span> <span class='ocrx_word' id='word_1_130' title='bbox 696 1499 728 1564; x_wconf 76' lang='grc' dir='ltr'><strong>δ’</strong></span> <span class='ocrx_word' id='word_1_131' title='bbox 743 1501 842 1565; x_wconf 85' lang='grc' dir='ltr'>αὐτοῦ</span> <span class='ocrx_word' id='word_1_132' title='bbox 862 1500 972 1566; x_wconf 87' lang='grc' dir='ltr'>ἐπικὰ</span> <span class='ocrx_word' id='word_1_133' title='bbox 990 1503 1105 1564; x_wconf 83' lang='grc' dir='ltr'>ταῦτα·</span> <span class='ocrx_word' id='word_1_134' title='bbox 1119 1492 1274 1578; x_wconf 74' lang='grc' dir='ltr'>Ἠτίοδοτ,</span> <span class='ocrx_word' id='word_1_135' title='bbox 1294 1502 1367 1562; x_wconf 89' lang='grc' dir='ltr'><strong>Μο-</strong></span> 
     </span>
     <span class='ocr_line' id='line_1_17' title="bbox 195 1590 1369 1671; baseline -0.003 -15"><span class='ocrx_word' id='word_1_136' title='bbox 195 1591 300 1670; x_wconf 88' lang='grc' dir='ltr'>ψοπία</span> <span class='ocrx_word' id='word_1_137' title='bbox 318 1593 337 1671; x_wconf 87' lang='grc' dir='ltr'>ἢ</span> <span class='ocrx_word' id='word_1_138' title='bbox 357 1591 517 1656; x_wconf 89' lang='grc' dir='ltr'>Ἄτακτα.</span> <span class='ocrx_word' id='word_1_139' title='bbox 533 1642 539 1655; x_wconf 96' lang='grc'><strong><em>.</em></strong></span> <span class='ocrx_word' id='word_1_140' title='bbox 555 1590 726 1655; x_wconf 81' lang='grc' dir='ltr'>Χιλιάδεε.</span> <span class='ocrx_word' id='word_1_141' title='bbox 742 1591 776 1671; x_wconf 87' lang='grc'><strong>.),</strong></span> <span class='ocrx_word' id='word_1_142' title='bbox 805 1614 902 1671; x_wconf 89' lang='lat' dir='ltr'><strong>neque</strong></span> <span class='ocrx_word' id='word_1_143' title='bbox 927 1594 957 1652; x_wconf 91' lang='lat' dir='ltr'><strong>in</strong></span> <span class='ocrx_word' id='word_1_144' title='bbox 982 1595 1087 1654; x_wconf 87' lang='lat' dir='ltr'><strong>tabula</strong></span> <span class='ocrx_word' id='word_1_145' title='bbox 1111 1594 1173 1651; x_wconf 84' lang='lat' dir='ltr'><strong>nlla</strong></span> <span class='ocrx_word' id='word_1_146' title='bbox 1199 1592 1234 1652; x_wconf 89' lang='lat' dir='ltr'><strong>fit</strong></span> <span class='ocrx_word' id='word_1_147' title='bbox 1256 1593 1369 1653; x_wconf 89' lang='lat' dir='ltr'><strong>mentio</strong></span> 
     </span>
     <span class='ocr_line' id='line_1_18' title="bbox 195 1677 1369 1761; baseline -0.002 -17"><span class='ocrx_word' id='word_1_148' title='bbox 195 1686 340 1744; x_wconf 87' lang='lat' dir='ltr'><strong>librorum</strong></span> <span class='ocrx_word' id='word_1_149' title='bbox 358 1685 493 1761; x_wconf 74' lang='lat' dir='ltr'><strong>pedestri</strong></span> <span class='ocrx_word' id='word_1_150' title='bbox 517 1704 653 1745; x_wconf 87' lang='lat' dir='ltr'><strong>sermone</strong></span> <span class='ocrx_word' id='word_1_151' title='bbox 675 1685 920 1760; x_wconf 79' lang='lat' dir='ltr'><strong>perscriptorem,</strong></span> <span class='ocrx_word' id='word_1_152' title='bbox 943 1685 1027 1743; x_wconf 86' lang='lat' dir='ltr'><strong>velut</strong></span> <span class='ocrx_word' id='word_1_153' title='bbox 1049 1682 1181 1742; x_wconf 86' lang='lat' dir='ltr'><strong>eiusdem</strong></span> <span class='ocrx_word' id='word_1_154' title='bbox 1204 1677 1369 1757; x_wconf 81' lang='grc' dir='ltr'>ἱετορικῶν</span> 
     </span>
     <span class='ocr_line' id='line_1_19' title="bbox 193 1767 1368 1849; baseline -0.002 -17"><span class='ocrx_word' id='word_1_155' title='bbox 193 1769 441 1849; x_wconf 87' lang='grc' dir='ltr'>ὑπομνημάτων,</span> <span class='ocrx_word' id='word_1_156' title='bbox 460 1771 532 1848; x_wconf 88' lang='grc' dir='ltr'>περὶ</span> <span class='ocrx_word' id='word_1_157' title='bbox 547 1773 739 1848; x_wconf 81' lang='grc' dir='ltr'>μελοποιῶν,</span> <span class='ocrx_word' id='word_1_158' title='bbox 758 1767 1064 1849; x_wconf 66' lang='lat' dir='ltr'><strong>melicertem.</strong></span> <span class='ocrx_word' id='word_1_159' title='bbox 1080 1771 1105 1832; x_wconf 94' lang='grc' dir='ltr'><strong>λ.</strong></span> <span class='ocrx_word' id='word_1_160' title='bbox 1139 1771 1287 1840; x_wconf 82' lang='lat' dir='ltr'><strong>Secuntur</strong></span> <span class='ocrx_word' id='word_1_161' title='bbox 1296 1791 1368 1834; x_wconf 83' lang='lat' dir='ltr'><strong>vero</strong></span> 
     </span>
     <span class='ocr_line' id='line_1_20' title="bbox 193 1855 1429 1942; baseline -0.002 -19"><span class='ocrx_word' id='word_1_162' title='bbox 193 1883 229 1923; x_wconf 86' lang='lat' dir='ltr'><strong>ex</strong></span> <span class='ocrx_word' id='word_1_163' title='bbox 246 1864 421 1922; x_wconf 84' lang='lat' dir='ltr'><strong>litterarum</strong></span> <span class='ocrx_word' id='word_1_164' title='bbox 445 1864 548 1924; x_wconf 87' lang='lat' dir='ltr'><strong>ordine</strong></span> <span class='ocrx_word' id='word_1_165' title='bbox 567 1859 617 1939; x_wconf 90' lang='lat' dir='ltr'><strong>(cf.</strong></span> <span class='ocrx_word' id='word_1_166' title='bbox 636 1864 844 1923; x_wconf 88' lang='lat' dir='ltr'><strong>Wachsmuth.</strong></span> <span class='ocrx_word' id='word_1_167' title='bbox 863 1864 882 1921; x_wconf 92' lang='lat' dir='ltr'><strong>l.</strong></span> <span class='ocrx_word' id='word_1_168' title='bbox 901 1864 922 1922; x_wconf 94' lang='lat' dir='ltr'><strong>l.</strong></span> <span class='ocrx_word' id='word_1_169' title='bbox 943 1864 1007 1922; x_wconf 83' lang='lat'><strong>150</strong></span> <span class='ocrx_word' id='word_1_170' title='bbox 1025 1865 1056 1922; x_wconf 90' lang='lat' dir='ltr'><strong>et</strong></span> <span class='ocrx_word' id='word_1_171' title='bbox 1073 1860 1210 1938; x_wconf 86' lang='lat' dir='ltr'><strong>inprimis</strong></span> <span class='ocrx_word' id='word_1_172' title='bbox 1229 1864 1290 1922; x_wconf 85' lang='lat' dir='ltr'><strong>not</strong></span> <span class='ocrx_word' id='word_1_173' title='bbox 1313 1855 1368 1942; x_wconf 84' lang='grc'><strong>39)</strong></span> <span class='ocrx_word' id='word_1_174' title='bbox 1428 1915 1429 1920; x_wconf 73' lang='grc'>,</span> 
     </span>
     <span class='ocr_line' id='line_1_21' title="bbox 191 1951 1370 2028; baseline -0.002 -17"><span class='ocrx_word' id='word_1_175' title='bbox 191 1953 395 2028; x_wconf 81' lang='lat' dir='ltr'><strong>Euphorionis</strong></span> <span class='ocrx_word' id='word_1_176' title='bbox 415 1971 506 2028; x_wconf 90' lang='lat' dir='ltr'><strong>opera</strong></span> <span class='ocrx_word' id='word_1_177' title='bbox 525 1972 543 2012; x_wconf 91' lang='lat' dir='ltr'><strong>a</strong></span> <span class='ocrx_word' id='word_1_178' title='bbox 558 1952 650 2012; x_wconf 85' lang='lat' dir='ltr'><strong>Suida</strong></span> <span class='ocrx_word' id='word_1_179' title='bbox 667 1955 894 2026; x_wconf 80' lang='lat' dir='ltr'><strong>conmemorata,</strong></span> <span class='ocrx_word' id='word_1_180' title='bbox 914 1952 951 2012; x_wconf 91' lang='lat' dir='ltr'><strong>de</strong></span> <span class='ocrx_word' id='word_1_181' title='bbox 969 1951 1077 2027; x_wconf 90' lang='lat' dir='ltr'><strong>quibus</strong></span> <span class='ocrx_word' id='word_1_182' title='bbox 1095 1951 1206 2028; x_wconf 88' lang='lat' dir='ltr'><strong>optime</strong></span> <span class='ocrx_word' id='word_1_183' title='bbox 1226 1951 1370 2011; x_wconf 85' lang='lat' dir='ltr'><strong>disseruit</strong></span> 
     </span>
     <span class='ocr_line' id='line_1_22' title="bbox 194 2036 1369 2124; baseline -0.002 -24"><span class='ocrx_word' id='word_1_184' title='bbox 194 2042 360 2102; x_wconf 88' lang='lat' dir='ltr'><strong>Meinekiue</strong></span> <span class='ocrx_word' id='word_1_185' title='bbox 382 2040 484 2122; x_wconf 85' lang='lat' dir='ltr'><strong>(Anal.</strong></span> <span class='ocrx_word' id='word_1_186' title='bbox 499 2042 586 2102; x_wconf 85' lang='lat' dir='ltr'><strong>Alex.</strong></span> <span class='ocrx_word' id='word_1_187' title='bbox 606 2062 634 2119; x_wconf 92' lang='lat' dir='ltr'><strong>p.</strong></span> <span class='ocrx_word' id='word_1_188' title='bbox 652 2036 805 2124; x_wconf 80' lang='lat'>12-15)‚</span> <span class='ocrx_word' id='word_1_189' title='bbox 826 2042 948 2118; x_wconf 87' lang='lat' dir='ltr'><strong>eiusque</strong></span> <span class='ocrx_word' id='word_1_190' title='bbox 967 2040 1110 2100; x_wconf 90' lang='lat' dir='ltr'><strong>iudicium</strong></span> <span class='ocrx_word' id='word_1_191' title='bbox 1128 2041 1190 2101; x_wconf 90' lang='lat' dir='ltr'><strong>fere</strong></span> <span class='ocrx_word' id='word_1_192' title='bbox 1210 2041 1369 2117; x_wconf 85' lang='lat' dir='ltr'><strong>conprohn,</strong></span> 
     </span>
     <span class='ocr_line' id='line_1_23' title="bbox 193 2121 1370 2212; baseline -0.001 -22"><span class='ocrx_word' id='word_1_193' title='bbox 193 2150 259 2190; x_wconf 88' lang='lat' dir='ltr'><strong>cnm</strong></span> <span class='ocrx_word' id='word_1_194' title='bbox 279 2131 355 2190; x_wconf 90' lang='lat' dir='ltr'><strong>mira</strong></span> <span class='ocrx_word' id='word_1_195' title='bbox 373 2132 778 2209; x_wconf 83' lang='lat' dir='ltr'><strong>narraverit&#39;Bernhardyue</strong></span> <span class='ocrx_word' id='word_1_196' title='bbox 797 2123 850 2212; x_wconf 84' lang='lat' dir='ltr'><strong>(ad</strong></span> <span class='ocrx_word' id='word_1_197' title='bbox 869 2130 951 2192; x_wconf 85' lang='lat' dir='ltr'><strong>Suid.</strong></span> <span class='ocrx_word' id='word_1_198' title='bbox 970 2150 993 2191; x_wconf 89' lang='lat' dir='ltr'><strong>e.</strong></span> <span class='ocrx_word' id='word_1_199' title='bbox 1008 2131 1036 2189; x_wconf 87' lang='lat' dir='ltr'><strong>h.</strong></span> <span class='ocrx_word' id='word_1_200' title='bbox 1051 2121 1103 2211; x_wconf 87' lang='grc' dir='ltr'><strong>τ.)</strong></span> <span class='ocrx_word' id='word_1_201' title='bbox 1140 2129 1233 2189; x_wconf 88' lang='lat' dir='ltr'><strong>Porro</strong></span> <span class='ocrx_word' id='word_1_202' title='bbox 1253 2131 1370 2206; x_wconf 83' lang='lat' dir='ltr'><strong>opinari</strong></span> 
     </span>
     <span class='ocr_line' id='line_1_24' title="bbox 193 2211 1369 2303; baseline 0.001 -25"><span class='ocrx_word' id='word_1_203' title='bbox 193 2221 295 2280; x_wconf 89' lang='lat' dir='ltr'><strong>licebit</strong></span> <span class='ocrx_word' id='word_1_204' title='bbox 310 2221 386 2279; x_wconf 91' lang='lat' dir='ltr'><strong>hane</strong></span> <span class='ocrx_word' id='word_1_205' title='bbox 400 2221 536 2280; x_wconf 87' lang='lat' dir='ltr'><strong>tabulam</strong></span> <span class='ocrx_word' id='word_1_206' title='bbox 550 2221 582 2279; x_wconf 91' lang='lat' dir='ltr'><strong>in</strong></span> <span class='ocrx_word' id='word_1_207' title='bbox 594 2221 693 2281; x_wconf 89' lang='lat' dir='ltr'><strong>fronte</strong></span> <span class='ocrx_word' id='word_1_208' title='bbox 707 2211 890 2303; x_wconf 75' lang='grc' dir='ltr'>(Ἡείοδοτ),</span> <span class='ocrx_word' id='word_1_209' title='bbox 904 2221 937 2278; x_wconf 92' lang='lat' dir='ltr'><strong>in</strong></span> <span class='ocrx_word' id='word_1_210' title='bbox 950 2219 1056 2293; x_wconf 90' lang='lat' dir='ltr'><strong>medio,</strong></span> <span class='ocrx_word' id='word_1_211' title='bbox 1070 2220 1101 2277; x_wconf 90' lang='lat' dir='ltr'><strong>in</strong></span> <span class='ocrx_word' id='word_1_212' title='bbox 1115 2220 1195 2278; x_wconf 89' lang='lat' dir='ltr'><strong>ealce</strong></span> <span class='ocrx_word' id='word_1_213' title='bbox 1204 2213 1369 2298; x_wconf 77' lang='grc' dir='ltr'>(Χιλιάδεε</span> 
     </span>
     <span class='ocr_line' id='line_1_25' title="bbox 192 2309 1367 2386; baseline 0 -18"><span class='ocrx_word' id='word_1_214' title='bbox 192 2310 243 2385; x_wconf 90' lang='lat' dir='ltr'><strong>qui</strong></span> <span class='ocrx_word' id='word_1_215' title='bbox 262 2309 382 2384; x_wconf 90' lang='lat' dir='ltr'><strong>quidem</strong></span> <span class='ocrx_word' id='word_1_216' title='bbox 397 2309 505 2368; x_wconf 88' lang='lat' dir='ltr'><strong>titulus</strong></span> <span class='ocrx_word' id='word_1_217' title='bbox 521 2329 623 2370; x_wconf 88' lang='lat' dir='ltr'><strong>eorum</strong></span> <span class='ocrx_word' id='word_1_218' title='bbox 638 2311 689 2386; x_wconf 90' lang='lat' dir='ltr'><strong>qui</strong></span> <span class='ocrx_word' id='word_1_219' title='bbox 702 2311 858 2370; x_wconf 88' lang='lat' dir='ltr'><strong>innotuere</strong></span> <span class='ocrx_word' id='word_1_220' title='bbox 874 2310 1035 2368; x_wconf 88' lang='lat' dir='ltr'><strong>secundum</strong></span> <span class='ocrx_word' id='word_1_221' title='bbox 1048 2309 1219 2368; x_wconf 86' lang='lat' dir='ltr'><strong>litterarum</strong></span> <span class='ocrx_word' id='word_1_222' title='bbox 1232 2310 1367 2369; x_wconf 88' lang='lat' dir='ltr'><strong>ordinem</strong></span> 
     </span>
     <span class='ocr_line' id='line_1_26' title="bbox 193 2391 1323 2480; baseline 0.001 -23"><span class='ocrx_word' id='word_1_223' title='bbox 193 2402 239 2457; x_wconf 87' lang='lat' dir='ltr'><strong>est</strong></span> <span class='ocrx_word' id='word_1_224' title='bbox 258 2399 447 2471; x_wconf 82' lang='lat' dir='ltr'><strong>novissimus,</strong></span> <span class='ocrx_word' id='word_1_225' title='bbox 467 2400 502 2458; x_wconf 82' lang='lat' dir='ltr'><strong>ci.</strong></span> <span class='ocrx_word' id='word_1_226' title='bbox 523 2393 651 2458; x_wconf 86' lang='lat' dir='ltr'><strong>Meinek.</strong></span> <span class='ocrx_word' id='word_1_227' title='bbox 669 2400 689 2458; x_wconf 94' lang='lat' dir='ltr'><strong>l.</strong></span> <span class='ocrx_word' id='word_1_228' title='bbox 707 2401 727 2459; x_wconf 95' lang='lat' dir='ltr'><strong>l.</strong></span> <span class='ocrx_word' id='word_1_229' title='bbox 746 2421 775 2476; x_wconf 92' lang='lat' dir='ltr'><strong>p.</strong></span> <span class='ocrx_word' id='word_1_230' title='bbox 797 2395 852 2480; x_wconf 82' lang='lat'><strong>75)</strong></span> <span class='ocrx_word' id='word_1_231' title='bbox 872 2417 890 2457; x_wconf 91' lang='lat' dir='ltr'><strong>a</strong></span> <span class='ocrx_word' id='word_1_232' title='bbox 909 2397 1001 2457; x_wconf 84' lang='lat' dir='ltr'><strong>Suida</strong></span> <span class='ocrx_word' id='word_1_233' title='bbox 1019 2397 1180 2458; x_wconf 85' lang='lat' dir='ltr'><strong>delibatam</strong></span> <span class='ocrx_word' id='word_1_234' title='bbox 1201 2391 1323 2477; x_wconf 76' lang='lat' dir='ltr'><strong>esse.¹³)</strong></span> 
     </span>
    </p>

    <p class='ocr_par' dir='ltr' id='par_1_4' title="bbox 192 2483 1368 2651">
     <span class='ocr_line' id='line_1_27' title="bbox 280 2483 1365 2565; baseline 0.001 -19"><span class='ocrx_word' id='word_1_235' title='bbox 280 2487 356 2547; x_wconf 93' lang='lat' dir='ltr'><strong>Dein</strong></span> <span class='ocrx_word' id='word_1_236' title='bbox 375 2489 412 2548; x_wconf 91' lang='lat' dir='ltr'><strong>de</strong></span> <span class='ocrx_word' id='word_1_237' title='bbox 430 2488 525 2548; x_wconf 90' lang='lat' dir='ltr'><strong>indice</strong></span> <span class='ocrx_word' id='word_1_238' title='bbox 545 2508 568 2548; x_wconf 90' lang='lat' dir='ltr'><strong>s.</strong></span> <span class='ocrx_word' id='word_1_239' title='bbox 586 2483 758 2548; x_wconf 80' lang='grc' dir='ltr'>Ἠείοδοε</span> <span class='ocrx_word' id='word_1_240' title='bbox 784 2491 903 2548; x_wconf 87' lang='lat' dir='ltr'><strong>servato</strong></span> <span class='ocrx_word' id='word_1_241' title='bbox 928 2488 989 2546; x_wconf 87' lang='lat' dir='ltr'><strong>iam</strong></span> <span class='ocrx_word' id='word_1_242' title='bbox 1011 2487 1054 2546; x_wconf 94' lang='lat' dir='ltr'><strong>nil</strong></span> <span class='ocrx_word' id='word_1_243' title='bbox 1077 2488 1139 2547; x_wconf 87' lang='lat' dir='ltr'><strong>sere</strong></span> <span class='ocrx_word' id='word_1_244' title='bbox 1164 2487 1260 2547; x_wconf 87' lang='lat' dir='ltr'><strong>habeo</strong></span> <span class='ocrx_word' id='word_1_245' title='bbox 1284 2490 1365 2565; x_wconf 91' lang='lat' dir='ltr'><strong>qued</strong></span> 
     </span>
     <span class='ocr_line' id='line_1_28' title="bbox 192 2572 1368 2651; baseline 0.003 -17"><span class='ocrx_word' id='word_1_246' title='bbox 192 2577 312 2651; x_wconf 82' lang='lat' dir='ltr'><strong>addem3</strong></span> <span class='ocrx_word' id='word_1_247' title='bbox 341 2577 475 2638; x_wconf 89' lang='lat' dir='ltr'><strong>videmus</strong></span> <span class='ocrx_word' id='word_1_248' title='bbox 500 2580 600 2637; x_wconf 88' lang='lat' dir='ltr'><strong>autem</strong></span> <span class='ocrx_word' id='word_1_249' title='bbox 622 2578 720 2638; x_wconf 84' lang='lat' dir='ltr'><strong>tribue</strong></span> <span class='ocrx_word' id='word_1_250' title='bbox 743 2577 841 2637; x_wconf 88' lang='lat' dir='ltr'><strong>titulis</strong></span> <span class='ocrx_word' id='word_1_251' title='bbox 864 2572 944 2638; x_wconf 88' lang='grc' dir='ltr'>κατὰ</span> <span class='ocrx_word' id='word_1_252' title='bbox 970 2577 1128 2650; x_wconf 83' lang='grc' dir='ltr'>(τοιχεῑον</span> <span class='ocrx_word' id='word_1_253' title='bbox 1156 2577 1302 2638; x_wconf 88' lang='lat' dir='ltr'><strong>ordinatis</strong></span> <span class='ocrx_word' id='word_1_254' title='bbox 1333 2596 1368 2638; x_wconf 88' lang='lat' dir='ltr'><strong>ea</strong></span> 
     </span>
    </p>
   </div>
   <div class='ocr_carea' id='block_1_4' title="bbox 190 2748 1366 3901">
    <p class='ocr_par' dir='ltr' id='par_1_5' title="bbox 190 2748 1366 3901">
     <span class='ocr_line' id='line_1_29' title="bbox 194 2748 1366 2836; baseline 0.002 -22"><span class='ocrx_word' id='word_1_255' title='bbox 194 2755 234 2814; x_wconf 88' lang='lat' dir='ltr'><strong>sit</strong></span> <span class='ocrx_word' id='word_1_256' title='bbox 249 2755 454 2814; x_wconf 87' lang='lat' dir='ltr'><strong>Volkmannus</strong></span> <span class='ocrx_word' id='word_1_257' title='bbox 470 2748 524 2836; x_wconf 82' lang='lat' dir='ltr'>(II,</span> <span class='ocrx_word' id='word_1_258' title='bbox 542 2748 619 2834; x_wconf 80' lang='lat'>728)</span> <span class='ocrx_word' id='word_1_259' title='bbox 635 2757 780 2832; x_wconf 82' lang='lat' dir='ltr'><strong>exposuit.</strong></span> <span class='ocrx_word' id='word_1_260' title='bbox 813 2756 913 2832; x_wconf 82' lang='lat' dir='ltr'><strong>Atque</strong></span> <span class='ocrx_word' id='word_1_261' title='bbox 928 2756 1050 2814; x_wconf 87' lang='lat' dir='ltr'><strong>eandem</strong></span> <span class='ocrx_word' id='word_1_262' title='bbox 1066 2775 1201 2815; x_wconf 85' lang='lat' dir='ltr'><strong>normam</strong></span> <span class='ocrx_word' id='word_1_263' title='bbox 1219 2755 1251 2815; x_wconf 93' lang='lat' dir='ltr'><strong>in</strong></span> <span class='ocrx_word' id='word_1_264' title='bbox 1269 2755 1366 2816; x_wconf 90' lang='lat' dir='ltr'><strong>indice</strong></span> 
     </span>
     <span class='ocr_line' id='line_1_30' title="bbox 192 2839 1366 2921; baseline 0.003 -19"><span class='ocrx_word' id='word_1_265' title='bbox 192 2864 214 2902; x_wconf 79' lang='lat' dir='ltr'><strong>e.</strong></span> <span class='ocrx_word' id='word_1_266' title='bbox 236 2839 448 2918; x_wconf 80' lang='grc' dir='ltr'>Νίκανδροτ</span> <span class='ocrx_word' id='word_1_267' title='bbox 471 2845 602 2904; x_wconf 89' lang='lat' dir='ltr'><strong>exhibito</strong></span> <span class='ocrx_word' id='word_1_268' title='bbox 626 2864 769 2921; x_wconf 82' lang='lat' dir='ltr'><strong>regnasse</strong></span> <span class='ocrx_word' id='word_1_269' title='bbox 794 2846 825 2904; x_wconf 92' lang='lat' dir='ltr'><strong>in</strong></span> <span class='ocrx_word' id='word_1_270' title='bbox 849 2847 1007 2921; x_wconf 88' lang='lat' dir='ltr'><strong>propatulo</strong></span> <span class='ocrx_word' id='word_1_271' title='bbox 1036 2849 1094 2906; x_wconf 82' lang='lat' dir='ltr'><strong>est:</strong></span> <span class='ocrx_word' id='word_1_272' title='bbox 1124 2841 1220 2905; x_wconf 86' lang='lat' dir='ltr'><strong>N....</strong></span> <span class='ocrx_word' id='word_1_273' title='bbox 1241 2840 1366 2920; x_wconf 84' lang='grc' dir='ltr'>ἔγραψε</span> 
     </span>
     <span class='ocr_line' id='line_1_31' title="bbox 193 2923 1365 3009; baseline 0.002 -17"><span class='ocrx_word' id='word_1_274' title='bbox 193 2923 1365 3009; x_wconf 82' lang='grc' dir='ltr'>Θηριακά,ἈλεΞιφάρμακα,Γεωργικά,Ἑτεροιοιιμένωνβιβλίαε’,Ἰάτεων</span> 
     </span>
     <span class='ocr_line' id='line_1_32' title="bbox 191 3017 1362 3099; baseline 0.004 -19"><span class='ocrx_word' id='word_1_275' title='bbox 191 3019 387 3096; x_wconf 85' lang='grc' dir='ltr'>τοναγωγήν,</span> <span class='ocrx_word' id='word_1_276' title='bbox 402 3019 632 3097; x_wconf 85' lang='grc' dir='ltr'>Προγνωττικὰ</span> <span class='ocrx_word' id='word_1_277' title='bbox 647 3017 686 3082; x_wconf 80' lang='grc' dir='ltr'><strong>δι’</strong></span> <span class='ocrx_word' id='word_1_278' title='bbox 701 3020 790 3083; x_wconf 81' lang='grc' dir='ltr'>ἐπῶν</span> <span class='ocrx_word' id='word_1_279' title='bbox 804 3019 1076 3099; x_wconf 84' lang='grc' dir='ltr'>(μεταπέφρατται</span> <span class='ocrx_word' id='word_1_280' title='bbox 1091 3017 1163 3083; x_wconf 82' lang='grc' dir='ltr'><strong>δ’ἐκ</strong></span> <span class='ocrx_word' id='word_1_281' title='bbox 1178 3023 1244 3084; x_wconf 91' lang='grc' dir='ltr'>τῶν</span> <span class='ocrx_word' id='word_1_282' title='bbox 1257 3020 1362 3085; x_wconf 92' lang='grc' dir='ltr'>Ἱππο-</span> 
     </span>
     <span class='ocr_line' id='line_1_33' title="bbox 194 3103 1364 3192; baseline 0.002 -21"><span class='ocrx_word' id='word_1_283' title='bbox 194 3105 329 3185; x_wconf 86' lang='grc' dir='ltr'>κράτουτ</span> <span class='ocrx_word' id='word_1_284' title='bbox 348 3103 618 3192; x_wconf 81' lang='grc' dir='ltr'>προγνωττικῶν),</span> <span class='ocrx_word' id='word_1_285' title='bbox 638 3109 709 3187; x_wconf 87' lang='grc' dir='ltr'>περὶ</span> <span class='ocrx_word' id='word_1_286' title='bbox 724 3108 929 3188; x_wconf 84' lang='grc' dir='ltr'>Χρηττηρίων</span> <span class='ocrx_word' id='word_1_287' title='bbox 949 3108 1080 3172; x_wconf 87' lang='grc' dir='ltr'>πάντων</span> <span class='ocrx_word' id='word_1_288' title='bbox 1100 3105 1279 3192; x_wconf 86' lang='grc' dir='ltr'>(παντοίων</span> <span class='ocrx_word' id='word_1_289' title='bbox 1298 3133 1364 3174; x_wconf 89' lang='lat' dir='ltr'><strong>con-</strong></span> 
     </span>
     <span class='ocr_line' id='line_1_34' title="bbox 194 3200 1365 3277; baseline 0.003 -19"><span class='ocrx_word' id='word_1_290' title='bbox 194 3200 263 3259; x_wconf 91' lang='lat' dir='ltr'><strong>iecit</strong></span> <span class='ocrx_word' id='word_1_291' title='bbox 281 3200 502 3276; x_wconf 84' lang='lat' dir='ltr'><strong>Volkmannue,</strong></span> <span class='ocrx_word' id='word_1_292' title='bbox 524 3203 622 3261; x_wconf 86' lang='lat' dir='ltr'><strong>nescio</strong></span> <span class='ocrx_word' id='word_1_293' title='bbox 642 3220 681 3261; x_wconf 88' lang='lat' dir='ltr'><strong>an</strong></span> <span class='ocrx_word' id='word_1_294' title='bbox 699 3205 792 3277; x_wconf 85' lang='lat' dir='ltr'><strong>recte,</strong></span> <span class='ocrx_word' id='word_1_295' title='bbox 821 3203 857 3262; x_wconf 85' lang='lat' dir='ltr'><strong>cf.</strong></span> <span class='ocrx_word' id='word_1_296' title='bbox 884 3202 1066 3261; x_wconf 88' lang='lat' dir='ltr'><strong>simillimam</strong></span> <span class='ocrx_word' id='word_1_297' title='bbox 1090 3201 1272 3261; x_wconf 87' lang='lat' dir='ltr'><strong>Philemonis</strong></span> <span class='ocrx_word' id='word_1_298' title='bbox 1295 3205 1365 3264; x_wconf 89' lang='lat' dir='ltr'><strong>libri</strong></span> 
     </span>
     <span class='ocr_line' id='line_1_35' title="bbox 190 3285 1364 3369; baseline 0.004 -21"><span class='ocrx_word' id='word_1_299' title='bbox 190 3285 262 3364; x_wconf 89' lang='grc' dir='ltr'>περὶ</span> <span class='ocrx_word' id='word_1_300' title='bbox 278 3289 496 3349; x_wconf 83' lang='grc' dir='ltr'>παντοδαπῶν</span> <span class='ocrx_word' id='word_1_301' title='bbox 510 3285 706 3365; x_wconf 85' lang='grc' dir='ltr'>χρηττηρίων</span> <span class='ocrx_word' id='word_1_302' title='bbox 723 3292 954 3368; x_wconf 79' lang='lat' dir='ltr'><strong>inscriptionem,</strong></span> <span class='ocrx_word' id='word_1_303' title='bbox 972 3309 1098 3367; x_wconf 87' lang='lat' dir='ltr'><strong>quacum</strong></span> <span class='ocrx_word' id='word_1_304' title='bbox 1113 3291 1146 3350; x_wconf 81' lang='grc' dir='ltr'><strong>Ε.</strong></span> <span class='ocrx_word' id='word_1_305' title='bbox 1161 3291 1295 3352; x_wconf 88' lang='lat' dir='ltr'><strong>Rehdioe</strong></span> <span class='ocrx_word' id='word_1_306' title='bbox 1315 3290 1364 3369; x_wconf 92' lang='lat' dir='ltr'><strong>[de</strong></span> 
     </span>
     <span class='ocr_line' id='line_1_36' title="bbox 191 3374 1363 3458; baseline 0.003 -21"><span class='ocrx_word' id='word_1_307' title='bbox 191 3379 211 3437; x_wconf 90' lang='lat' dir='ltr'><strong>J</strong></span> <span class='ocrx_word' id='word_1_308' title='bbox 213 3379 251 3437; x_wconf 89' lang='lat' dir='ltr'><strong>nl.</strong></span> <span class='ocrx_word' id='word_1_309' title='bbox 270 3378 346 3439; x_wconf 92' lang='lat' dir='ltr'><strong>Poll.</strong></span> <span class='ocrx_word' id='word_1_310' title='bbox 365 3379 453 3438; x_wconf 86' lang='lat' dir='ltr'><strong>fontt.</strong></span> <span class='ocrx_word' id='word_1_311' title='bbox 467 3400 495 3455; x_wconf 88' lang='lat' dir='ltr'><strong>p.</strong></span> <span class='ocrx_word' id='word_1_312' title='bbox 512 3382 560 3453; x_wconf 82' lang='lat'><strong>12,</strong></span> <span class='ocrx_word' id='word_1_313' title='bbox 580 3401 608 3441; x_wconf 94' lang='lat' dir='ltr'><strong>n.</strong></span> <span class='ocrx_word' id='word_1_314' title='bbox 628 3374 662 3458; x_wconf 88' lang='lat'><strong>3]</strong></span> <span class='ocrx_word' id='word_1_315' title='bbox 682 3384 752 3457; x_wconf 87' lang='lat' dir='ltr'><strong>apte</strong></span> <span class='ocrx_word' id='word_1_316' title='bbox 772 3380 927 3457; x_wconf 88' lang='lat' dir='ltr'><strong>conposuit</strong></span> <span class='ocrx_word' id='word_1_317' title='bbox 944 3380 1145 3440; x_wconf 86' lang='lat' dir='ltr'><strong>Nicandreum</strong></span> <span class='ocrx_word' id='word_1_318' title='bbox 1163 3381 1309 3455; x_wconf 89' lang='lat' dir='ltr'><strong>libellum,</strong></span> <span class='ocrx_word' id='word_1_319' title='bbox 1328 3383 1363 3440; x_wconf 89' lang='lat' dir='ltr'><strong>de</strong></span> 
     </span>
     <span class='ocr_line' id='line_1_37' title="bbox 191 3461 1364 3550; baseline 0.004 -25"><span class='ocrx_word' id='word_1_320' title='bbox 191 3487 249 3544; x_wconf 91' lang='lat' dir='ltr'><strong>quo</strong></span> <span class='ocrx_word' id='word_1_321' title='bbox 268 3487 391 3544; x_wconf 86' lang='lat' dir='ltr'><strong>prorsus</strong></span> <span class='ocrx_word' id='word_1_322' title='bbox 410 3469 498 3527; x_wconf 86' lang='lat' dir='ltr'><strong>aliter</strong></span> <span class='ocrx_word' id='word_1_323' title='bbox 518 3469 612 3528; x_wconf 86' lang='lat' dir='ltr'><strong>sensit</strong></span> <span class='ocrx_word' id='word_1_324' title='bbox 631 3467 663 3528; x_wconf 90' lang='grc' dir='ltr'><strong>Ο.</strong></span> <span class='ocrx_word' id='word_1_325' title='bbox 679 3469 848 3529; x_wconf 84' lang='lat' dir='ltr'><strong>Schneider.</strong></span> <span class='ocrx_word' id='word_1_326' title='bbox 868 3469 1008 3530; x_wconf 88' lang='lat' dir='ltr'><strong>Nicandr.</strong></span> <span class='ocrx_word' id='word_1_327' title='bbox 1027 3490 1055 3546; x_wconf 90' lang='lat' dir='ltr'><strong>p.</strong></span> <span class='ocrx_word' id='word_1_328' title='bbox 1071 3461 1127 3550; x_wconf 82' lang='lat'><strong>27)</strong></span> <span class='ocrx_word' id='word_1_329' title='bbox 1149 3465 1251 3546; x_wconf 80' lang='grc' dir='ltr'>βιβλία</span> <span class='ocrx_word' id='word_1_330' title='bbox 1269 3461 1298 3543; x_wconf 84' lang='grc' dir='ltr'><strong>γ’</strong></span> <span class='ocrx_word' id='word_1_331' title='bbox 1315 3468 1364 3531; x_wconf 87' lang='grc' dir='ltr'><strong>καὶ</strong></span> 
     </span>
     <span class='ocr_line' id='line_1_38' title="bbox 194 3551 1363 3636; baseline 0.003 -21"><span class='ocrx_word' id='word_1_332' title='bbox 194 3551 277 3617; x_wconf 86' lang='grc' dir='ltr'>ἄλλα</span> <span class='ocrx_word' id='word_1_333' title='bbox 295 3555 427 3617; x_wconf 85' lang='grc' dir='ltr'>πλεῑετα</span> <span class='ocrx_word' id='word_1_334' title='bbox 445 3554 569 3618; x_wconf 85' lang='grc' dir='ltr'>ἐπικῶε.</span> <span class='ocrx_word' id='word_1_335' title='bbox 603 3557 661 3618; x_wconf 84' lang='lat' dir='ltr'><strong>Sed</strong></span> <span class='ocrx_word' id='word_1_336' title='bbox 676 3559 712 3617; x_wconf 90' lang='lat' dir='ltr'><strong>de</strong></span> <span class='ocrx_word' id='word_1_337' title='bbox 727 3560 782 3618; x_wconf 84' lang='lat' dir='ltr'><strong>hac</strong></span> <span class='ocrx_word' id='word_1_338' title='bbox 795 3559 900 3617; x_wconf 86' lang='lat' dir='ltr'><strong>tabula</strong></span> <span class='ocrx_word' id='word_1_339' title='bbox 914 3560 1004 3634; x_wconf 89' lang='lat' dir='ltr'><strong>paulo</strong></span> <span class='ocrx_word' id='word_1_340' title='bbox 1018 3559 1193 3636; x_wconf 82' lang='lat' dir='ltr'><strong>explicatius</strong></span> <span class='ocrx_word' id='word_1_341' title='bbox 1208 3559 1363 3619; x_wconf 90' lang='lat' dir='ltr'><strong>dicendum</strong></span> 
     </span>
     <span class='ocr_line' id='line_1_39' title="bbox 192 3639 1362 3729; baseline 0.003 -23"><span class='ocrx_word' id='word_1_342' title='bbox 192 3650 247 3706; x_wconf 88' lang='lat' dir='ltr'><strong>eet.</strong></span> <span class='ocrx_word' id='word_1_343' title='bbox 277 3646 354 3706; x_wconf 87' lang='lat' dir='ltr'><strong>Num</strong></span> <span class='ocrx_word' id='word_1_344' title='bbox 369 3649 472 3707; x_wconf 88' lang='lat' dir='ltr'><strong>contra</strong></span> <span class='ocrx_word' id='word_1_345' title='bbox 487 3645 521 3706; x_wconf 93' lang='grc' dir='ltr'><strong>Ο.</strong></span> <span class='ocrx_word' id='word_1_346' title='bbox 537 3647 758 3723; x_wconf 87' lang='lat' dir='ltr'><strong>Schneiderum‚</strong></span> <span class='ocrx_word' id='word_1_347' title='bbox 778 3649 829 3724; x_wconf 89' lang='lat' dir='ltr'><strong>qui</strong></span> <span class='ocrx_word' id='word_1_348' title='bbox 843 3639 997 3728; x_wconf 86' lang='lat' dir='ltr'><strong>(Nicandr.</strong></span> <span class='ocrx_word' id='word_1_349' title='bbox 1012 3650 1083 3710; x_wconf 89' lang='lat' dir='ltr'><strong>edit.</strong></span> <span class='ocrx_word' id='word_1_350' title='bbox 1096 3649 1190 3724; x_wconf 88' lang='lat' dir='ltr'><strong>praef.</strong></span> <span class='ocrx_word' id='word_1_351' title='bbox 1205 3668 1233 3725; x_wconf 91' lang='lat' dir='ltr'><strong>p.</strong></span> <span class='ocrx_word' id='word_1_352' title='bbox 1251 3652 1288 3708; x_wconf 89' lang='grc'><strong>19</strong></span> <span class='ocrx_word' id='word_1_353' title='bbox 1306 3643 1362 3729; x_wconf 88' lang='lat' dir='ltr'><strong>eq.)</strong></span> 
     </span>
     <span class='ocr_line' id='line_1_40' title="bbox 190 3735 1361 3815; baseline 0.003 -20"><span class='ocrx_word' id='word_1_354' title='bbox 190 3736 370 3812; x_wconf 84' lang='lat' dir='ltr'><strong>peculiarem</strong></span> <span class='ocrx_word' id='word_1_355' title='bbox 386 3737 422 3794; x_wconf 89' lang='lat' dir='ltr'><strong>de</strong></span> <span class='ocrx_word' id='word_1_356' title='bbox 437 3735 578 3795; x_wconf 88' lang='lat' dir='ltr'><strong>Nicandri</strong></span> <span class='ocrx_word' id='word_1_357' title='bbox 597 3738 715 3813; x_wconf 87' lang='lat' dir='ltr'><strong>scriptis</strong></span> <span class='ocrx_word' id='word_1_358' title='bbox 735 3738 940 3815; x_wconf 87' lang='lat' dir='ltr'><strong>quaestionem</strong></span> <span class='ocrx_word' id='word_1_359' title='bbox 958 3739 1098 3813; x_wconf 87' lang='lat' dir='ltr'><strong>instituit,</strong></span> <span class='ocrx_word' id='word_1_360' title='bbox 1118 3738 1236 3799; x_wconf 86' lang='lat' dir='ltr'><strong>omnia</strong></span> <span class='ocrx_word' id='word_1_361' title='bbox 1254 3759 1277 3798; x_wconf 90' lang='lat' dir='ltr'><strong>s.</strong></span> <span class='ocrx_word' id='word_1_362' title='bbox 1292 3739 1361 3800; x_wconf 86' lang='lat' dir='ltr'><strong>hv.</strong></span> 
     </span>
     <span class='ocr_line' id='line_1_41' title="bbox 192 3819 1363 3901; baseline 0.003 -17"><span class='ocrx_word' id='word_1_363' title='bbox 192 3825 340 3885; x_wconf 86' lang='lat' dir='ltr'><strong>recensita</strong></span> <span class='ocrx_word' id='word_1_364' title='bbox 358 3825 470 3901; x_wconf 88' lang='lat' dir='ltr'><strong>scripta</strong></span> <span class='ocrx_word' id='word_1_365' title='bbox 489 3819 549 3899; x_wconf 80' lang='grc' dir='ltr'><strong>ἔπη</strong></span> <span class='ocrx_word' id='word_1_366' title='bbox 569 3827 661 3886; x_wconf 86' lang='lat' dir='ltr'><strong>fuisse</strong></span> <span class='ocrx_word' id='word_1_367' title='bbox 681 3828 819 3888; x_wconf 90' lang='lat' dir='ltr'><strong>arbitror.</strong></span> <span class='ocrx_word' id='word_1_368' title='bbox 851 3827 907 3888; x_wconf 88' lang='lat' dir='ltr'><strong>Hic</strong></span> <span class='ocrx_word' id='word_1_369' title='bbox 921 3831 1022 3886; x_wconf 89' lang='lat' dir='ltr'><strong>tamen</strong></span> <span class='ocrx_word' id='word_1_370' title='bbox 1040 3827 1085 3887; x_wconf 85' lang='lat' dir='ltr'><strong>ita</strong></span> <span class='ocrx_word' id='word_1_371' title='bbox 1102 3827 1298 3888; x_wconf 86' lang='lat' dir='ltr'><strong>ratiocinatus</strong></span> <span class='ocrx_word' id='word_1_372' title='bbox 1318 3832 1363 3889; x_wconf 88' lang='lat' dir='ltr'><strong>est</strong></span> 
     </span>
    </p>
   </div>
   <div class='ocr_carea' id='block_1_5' title="bbox 119 3994 1362 4350">
    <p class='ocr_par' dir='ltr' id='par_1_6' title="bbox 119 3994 1362 4350">
     <span class='ocr_line' id='line_1_42' title="bbox 267 3994 1360 4068; baseline 0.007 -20"><span class='ocrx_word' id='word_1_373' title='bbox 267 3994 300 4064; x_wconf 74' lang='lat'><strong>¹³)</strong></span> <span class='ocrx_word' id='word_1_374' title='bbox 319 3995 360 4050; x_wconf 92' lang='lat' dir='ltr'><strong>De</strong></span> <span class='ocrx_word' id='word_1_375' title='bbox 378 3994 462 4049; x_wconf 92' lang='lat' dir='ltr'><strong>titulo</strong></span> <span class='ocrx_word' id='word_1_376' title='bbox 484 3995 605 4050; x_wconf 78' lang='grc' dir='ltr'>Ἡειοδοε</span> <span class='ocrx_word' id='word_1_377' title='bbox 623 4013 641 4050; x_wconf 93' lang='lat' dir='ltr'><strong>a</strong></span> <span class='ocrx_word' id='word_1_378' title='bbox 658 3995 839 4067; x_wconf 83' lang='lat' dir='ltr'><strong>Bemhardyo</strong></span> <span class='ocrx_word' id='word_1_379' title='bbox 858 3996 959 4052; x_wconf 85' lang='lat' dir='ltr'><strong>iniuria</strong></span> <span class='ocrx_word' id='word_1_380' title='bbox 977 3999 1116 4066; x_wconf 88' lang='lat' dir='ltr'><strong>temptato</strong></span> <span class='ocrx_word' id='word_1_381' title='bbox 1131 3997 1195 4066; x_wconf 86' lang='lat' dir='ltr'><strong>vide</strong></span> <span class='ocrx_word' id='word_1_382' title='bbox 1209 3997 1360 4068; x_wconf 80' lang='lat' dir='ltr'><strong>Berglriunr</strong></span> 
     </span>
     <span class='ocr_line' id='line_1_43' title="bbox 192 4065 1362 4140; baseline 0.006 -22"><span class='ocrx_word' id='word_1_383' title='bbox 192 4065 271 4121; x_wconf 85' lang='lat' dir='ltr'><strong>Anal.</strong></span> <span class='ocrx_word' id='word_1_384' title='bbox 298 4066 376 4121; x_wconf 78' lang='lat' dir='ltr'><strong>Alex.</strong></span> <span class='ocrx_word' id='word_1_385' title='bbox 404 4065 491 4121; x_wconf 88' lang='lat' dir='ltr'><strong>Marb.</strong></span> <span class='ocrx_word' id='word_1_386' title='bbox 521 4071 603 4134; x_wconf 82' lang='lat'>1846,</span> <span class='ocrx_word' id='word_1_387' title='bbox 631 4085 657 4137; x_wconf 92' lang='lat' dir='ltr'><strong>p.</strong></span> <span class='ocrx_word' id='word_1_388' title='bbox 681 4073 725 4138; x_wconf 87' lang='lat'><strong>19,</strong></span> <span class='ocrx_word' id='word_1_389' title='bbox 753 4067 946 4123; x_wconf 83' lang='lat' dir='ltr'><strong>Nietzschium</strong></span> <span class='ocrx_word' id='word_1_390' title='bbox 970 4068 1040 4122; x_wconf 89' lang='lat' dir='ltr'><strong>Mus.</strong></span> <span class='ocrx_word' id='word_1_391' title='bbox 1064 4068 1116 4121; x_wconf 89' lang='lat' dir='ltr'><strong>Rh.</strong></span> <span class='ocrx_word' id='word_1_392' title='bbox 1136 4068 1225 4138; x_wconf 86' lang='lat' dir='ltr'>XXV,</span> <span class='ocrx_word' id='word_1_393' title='bbox 1246 4076 1311 4140; x_wconf 76' lang='lat'>538,</span> <span class='ocrx_word' id='word_1_394' title='bbox 1335 4075 1362 4127; x_wconf 89' lang='lat' dir='ltr'><strong>et</strong></span> 
     </span>
     <span class='ocr_line' id='line_1_44' title="bbox 191 4136 1361 4212; baseline 0.008 -23"><span class='ocrx_word' id='word_1_395' title='bbox 191 4136 316 4204; x_wconf 80' lang='lat' dir='ltr'>XXVIII,</span> <span class='ocrx_word' id='word_1_396' title='bbox 331 4143 391 4192; x_wconf 80' lang='lat'><strong>236.</strong></span> <span class='ocrx_word' id='word_1_397' title='bbox 407 4168 440 4178; x_wconf 89' lang='lat'>—</span> <span class='ocrx_word' id='word_1_398' title='bbox 460 4139 490 4192; x_wconf 89' lang='lat' dir='ltr'><strong>ln</strong></span> <span class='ocrx_word' id='word_1_399' title='bbox 505 4138 587 4193; x_wconf 86' lang='lat' dir='ltr'><strong>huius</strong></span> <span class='ocrx_word' id='word_1_400' title='bbox 602 4140 713 4210; x_wconf 82' lang='lat' dir='ltr'><strong>glossas</strong></span> <span class='ocrx_word' id='word_1_401' title='bbox 727 4140 780 4194; x_wconf 90' lang='lat' dir='ltr'><strong>fine</strong></span> <span class='ocrx_word' id='word_1_402' title='bbox 796 4157 845 4194; x_wconf 89' lang='lat' dir='ltr'><strong>cnr</strong></span> <span class='ocrx_word' id='word_1_403' title='bbox 859 4141 1088 4194; x_wconf 80' lang='lat' dir='ltr'><strong>Westermannns</strong></span> <span class='ocrx_word' id='word_1_404' title='bbox 1104 4157 1166 4194; x_wconf 85' lang='lat' dir='ltr'><strong>curn</strong></span> <span class='ocrx_word' id='word_1_405' title='bbox 1181 4142 1361 4212; x_wconf 80' lang='lat' dir='ltr'><strong>Bernhardyo</strong></span> 
     </span>
     <span class='ocr_line' id='line_1_45' title="bbox 190 4209 1361 4282; baseline 0.005 -18"><span class='ocrx_word' id='word_1_406' title='bbox 190 4209 276 4264; x_wconf 84' lang='lat' dir='ltr'><strong>verba</strong></span> <span class='ocrx_word' id='word_1_407' title='bbox 298 4211 480 4278; x_wconf 83' lang='grc' dir='ltr'>ἐπιγράφεται</span> <span class='ocrx_word' id='word_1_408' title='bbox 499 4242 531 4250; x_wconf 91' lang='grc'><strong>--</strong></span> <span class='ocrx_word' id='word_1_409' title='bbox 551 4212 752 4268; x_wconf 80' lang='grc' dir='ltr'>ἀποτελοῦνται</span> <span class='ocrx_word' id='word_1_410' title='bbox 775 4211 912 4267; x_wconf 82' lang='lat' dir='ltr'><strong>deleverit</strong></span> <span class='ocrx_word' id='word_1_411' title='bbox 936 4228 991 4266; x_wconf 92' lang='lat' dir='ltr'><strong>non</strong></span> <span class='ocrx_word' id='word_1_412' title='bbox 1016 4211 1169 4282; x_wconf 86' lang='lat' dir='ltr'><strong>adsequor:</strong></span> <span class='ocrx_word' id='word_1_413' title='bbox 1197 4215 1262 4268; x_wconf 90' lang='lat' dir='ltr'><strong>eunt</strong></span> <span class='ocrx_word' id='word_1_414' title='bbox 1289 4218 1361 4270; x_wconf 83' lang='lat' dir='ltr'><strong>eninr</strong></span> 
     </span>
     <span class='ocr_line' id='line_1_46' title="bbox 119 4280 1210 4350; baseline 0.002 -14"><span class='ocrx_word' id='word_1_415' title='bbox 119 4339 122 4346; x_wconf 69' lang='grc'>,</span> <span class='ocrx_word' id='word_1_416' title='bbox 190 4280 276 4336; x_wconf 86' lang='lat' dir='ltr'><strong>verba</strong></span> <span class='ocrx_word' id='word_1_417' title='bbox 294 4281 440 4337; x_wconf 80' lang='lat' dir='ltr'><strong>dumtaxat</strong></span> <span class='ocrx_word' id='word_1_418' title='bbox 460 4283 510 4336; x_wconf 76' lang='lat' dir='ltr'><strong>‘ihc</strong></span> <span class='ocrx_word' id='word_1_419' title='bbox 529 4284 572 4336; x_wconf 84' lang='grc' dir='ltr'><strong>διὰ</strong></span> <span class='ocrx_word' id='word_1_420' title='bbox 591 4282 686 4350; x_wconf 79' lang='grc' dir='ltr'>χιλίων</span> <span class='ocrx_word' id='word_1_421' title='bbox 705 4285 780 4338; x_wconf 83' lang='grc' dir='ltr'>ἐπῶν</span> <span class='ocrx_word' id='word_1_422' title='bbox 799 4283 1011 4338; x_wconf 81' lang='grc' dir='ltr'>ἀποτελοῦνται’</span> <span class='ocrx_word' id='word_1_423' title='bbox 1032 4285 1210 4340; x_wconf 85' lang='lat' dir='ltr'><strong>removenda.</strong></span> 
     </span>
    </p>
   </div>
   <div class='ocr_carea' id='block_1_6' title="bbox 0 0 1444 4726">
    <p class='ocr_par' dir='ltr' id='par_1_7' title="bbox 0 0 1444 4726">
     <span class='ocr_line' id='line_1_47' title="bbox 0 0 1444 4726; baseline 0 2"><span class='ocrx_word' id='word_1_424' title='bbox 0 0 1444 4726; x_wconf 95' lang='lat' dir='ltr'><strong> </strong></span> 
     </span>
    </p>
   </div>
  </div>
 </body>
</html>
