2878 4726
194 40 213 105 8
703 38 735 93 A.
756 35 849 91 Daub:

196 211 292 269 tribus
313 207 435 268 seclusis
456 199 523 289 (cfr.
539 206 619 266 Suid.
635 225 658 266 e.
669 197 831 285 fucdxroc)
846 204 923 264 vitas
939 203 1090 264 enarravit
1104 204 1280 280 Hesychius
1298 207 1375 281 poet

196 298 409 358 Schneiderum
435 289 512 377 (1.1.
536 297 577 354 26
598 287 656 376 sq.)
682 294 930 354 Wachsmuthius
959 293 1097 353 subtilius
1125 294 1169 354 ita
1200 294 1375 370 disputavit

195 381 228 470 (l.
243 389 263 448 l.
277 408 305 464 p.
323 380 408 466 139),
428 389 463 445 ut
476 385 610 444 homines
624 383 734 444 litteris
748 383 880 460 insignes
894 403 954 443 non
968 402 1027 442 una
1046 383 1122 443 serie
1140 384 1372 459 conprehensos

196 477 302 536 sedin
330 476 449 535 diversa
472 475 642 534 litterarum
665 489 776 550 genera
799 472 910 533 divisos
937 468 1017 531 κατὰ
1043 467 1181 546 χρόνους
1206 473 1374 549 dispositos

195 567 289 626 fuisse
309 585 345 624 ex
362 563 677 642 indiciisquibusdam
697 562 874 620 enuclearet.
917 562 1048 622 Revocat
1066 563 1168 620 autem
1190 560 1265 621 illud
1289 563 1374 639 quod

146 682 148 688 ’
195 656 287 716 verba
305 651 355 713 καὶ
375 647 471 713 αὐτός
489 653 521 711 in
539 652 648 711 Suidae
668 650 737 710 vitis
757 650 935 726 aliquotiens
950 652 1141 727 reperiuntur
1159 652 1247 727 plane
1266 671 1374 728 super-

195 763 326 806 vacanea
344 744 382 802 ad
400 743 528 802 indicem
541 742 672 818 aliquem
686 759 812 816 eumque
827 739 970 817 Hesychii
985 737 1242 817 Onomatclcgum.
1275 741 1374 801 Velut

197 835 276 911 quod
294 834 347 892 illa
366 852 388 892 s.
403 829 564 907 Πολέμων
579 825 597 890 ὁ
612 825 770 903 νεώτερος
789 833 821 888 et
835 847 857 888 s.
871 825 1041 904 Ὑπερίδης
1059 829 1102 889 ite
1120 835 1312 909 usurpentur,
1332 834 1376 892 ab

197 944 231 983 eo
252 923 354 982 ordine
373 942 431 998 quo
450 921 529 998 apud
544 919 729 997 Hesychium
743 919 863 995 glossae
878 923 997 979 secutae
1012 919 1072 978 sint
1085 919 1149 978 iure
1163 921 1285 996 repetiit
1303 914 1377 1003 (sed

198 1013 233 1072 cf.
257 1012 405 1072 Rohdium
425 1011 500 1070 Mus.
520 1011 575 1070 Rh.
594 1029 622 1068 n.
641 1008 779 1081 XXXIV,
802 1000 895 1089 620);
922 1027 977 1068 nec
998 1027 1082 1068 secus
1103 1008 1215 1069 relicua
1236 1013 1378 1088 exempla

197 1102 266 1160 huic
285 1119 392 1160 causae
411 1100 603 1176 conveniunt,
628 1099 653 1158 si
677 1098 715 1157 ab
738 1097 834 1156 indice
853 1117 875 1157 s.
895 1093 1043 1174 [wrddqc
1061 1098 1119 1158 huc
1138 1099 1187 1160 uix
1205 1101 1378 1161 revocando

197 1189 378 1250 discesseris.
414 1189 574 1248 Praeterea
592 1189 693 1246 autem
711 1187 772 1246 alia
790 1186 822 1245 in
840 1189 980 1263 promptu
1005 1191 1074 1246 sunt
1097 1207 1168 1248 sane
1191 1207 1282 1265 quam
1304 1209 1374 1268 gra

196 1280 329 1356 sissima,
351 1278 460 1356 quibus
480 1275 701 1338 Wachsmuthii
723 1275 822 1352 opinio
840 1279 942 1352 potest
960 1270 1130 1358 stabiliri.⁵)
1172 1278 1275 1339 Veluti
1294 1301 1377 1357 quae

224 1374 338 1446 guntur
357 1387 380 1428 s.
398 1362 591 1428 Πιττακός.
612 1413 617 1425 ,
638 1359 683 1425 εἷς
705 1361 765 1425 καὶ
789 1361 905 1425 αὐτὸς
927 1365 993 1426 τῶν
1015 1361 1043 1428 Ζ’
1068 1366 1179 1442 ςοφῦιν
1205 1363 1265 1444 ὤν,
1294 1374 1325 1430 et
1349 1391 1375 1430 s,

221 1455 328 1519 όλων.
345 1503 352 1518 .
367 1452 430 1517 έςτι
449 1455 484 1517 δὲ
504 1453 564 1517 καὶ
584 1450 701 1516 οὗτος
720 1449 765 1516 εἷς
783 1454 849 1514 τιῦν
867 1447 893 1516 ζ’
913 1451 1161 1532 ὀνομαζομένων
1180 1458 1292 1533 ςοφῦιν
1307 1456 1378 1536 (ubi

195 1550 228 1609 id
248 1567 364 1625 quoque
383 1547 473 1607 velim
493 1547 651 1618 adtendas,
677 1562 769 1620 prope
792 1545 830 1603 ad
853 1544 943 1604 finem
965 1546 1064 1623 posita
1086 1565 1152 1606 esse
1175 1548 1247 1608 hacc
1270 1550 1376 1627 uerba,

196 1639 275 1698 unde
286 1636 429 1712 Hesychii
444 1626 696 1712 ‘epitomatorem'
715 1651 750 1692 ea
763 1635 861 1710 ipsum
877 1633 1020 1695 adiecisse
1034 1636 1116 1696 illius
1131 1637 1242 1697 ordinis
1257 1640 1378 1699 ratione

195 1727 300 1787 habita
322 1716 573 1806 demonstratur),
602 1724 627 1784 si
654 1723 861 1800 comparaveris
889 1743 957 1784 cum
984 1725 1092 1800 glossis
1120 1745 1143 1785 s.
1173 1721 1377 1803 Κλεόβουλος

199 1813 220 1898 l.
236 1863 242 1876 .
261 1810 307 1875 εἷς
332 1813 398 1875 τῦιν
421 1805 447 1877 Z'
473 1809 722 1889 ὀνομαζομένων
747 1811 871 1889 ςοφιῦν,
895 1808 984 1894 ῥώμῃ
1008 1811 1059 1873 καὶ
1083 1809 1191 1876 κάλλει
1210 1815 1379 1894 διαφέρων

198 1905 265 1966 τιῦν
287 1897 373 1964 κατ’
397 1899 531 1982 αὐτόν)
555 1907 586 1963 et
609 1923 631 1963 s.
649 1896 850 1978 Περίανδρος
874 1900 894 1980 (.
910 1903 998 1963 ,τῶν
1020 1895 1045 1965 Z'
1070 1903 1193 1981 ςοφιῦν,
1221 1908 1257 1966 cf.
1283 1909 1379 1968 etiam

200 1998 241 2074 gl.
261 2014 283 2056 s.
303 1991 417 2068 Λάςος,
444 1989 642 2069 Μίμνερμος,
667 1985 851 2074 Τυρταῖος),
879 1993 911 2052 in
934 1992 1149 2071 Onomatolcgo
1170 1997 1236 2072 ipso
1261 2001 1380 2075 septem

200 2086 348 2161 sapientes
371 2103 505 2143 seorsum
526 2103 561 2142 ex
576 2083 719 2157 temporis
734 2083 837 2142 ordine
851 2083 984 2160 digestos
999 2083 1091 2143 fuisse
1105 2084 1192 2144 facile
1205 2089 1379 2163 perspicies.

202 2174 286 2244 Quod
297 2174 369 2232 item
380 2173 484 2232 cadere
494 2173 613 2232 videtur
628 2171 659 2229 in
668 2172 783 2248 septem
792 2173 860 2232 illos
869 2171 1009 2250 tragicos,
1023 2168 1138 2233 οἵτινες
1148 2168 1380 2252 ὠνομάςθηταν

199 2257 333 2334 Πλειάς;
362 2262 450 2322 modo
474 2262 628 2322 considera
652 2259 768 2336 glossas
793 2280 815 2320 s.
834 2255 1055 2337 Ἀλέξανδρος,
1079 2258 1232 2340 Αἰτωλός,
1256 2263 1377 2327 Διονυ-

200 2347 320 2431 ςιάδης,
353 2345 545 2430 Λυκόφρων,
578 2347 733 2424 Ὅμηρος,
767 2346 948 2428 (οφοκλῆς,
980 2346 1146 2427 (ωςίθεος,
1179 2349 1377 2433 (ωςιφάνης,

200 2437 358 2512 Φιλίςκος;
383 2460 437 2500 nec
460 2441 635 2501 dissimilem
659 2441 699 2499 ad
722 2457 843 2500 causam
865 2441 961 2500 redire
983 2441 1124 2501 videntur
1147 2461 1222 2517 quae
1249 2445 1281 2503 in
1304 2448 1377 2508 vitis

202 2535 359 2608 poetarum
382 2530 560 2591 comicorum
580 2529 792 2606 Aristophanis
816 2534 848 2589 et
866 2530 1019 2590 Menandri
1043 2532 1212 2608 aequalium
1230 2535 1378 2612 leguntur.

200 2613 252 2700 (cf.
271 2639 293 2679 s.
313 2615 522 2694 Θεόπομπος,
548 2611 740 2696 Νικοχάρης,
762 2617 927 2696 Νικοφῶν,
950 2614 1104 2692 Πλάτων;
1135 2640 1157 2680 s.
1178 2619 1376 2700 Φιλήμων..

202 2706 302 2786 βραχὺ
318 2703 509 2784 Μενάνδρου
529 2702 696 2783 πρότερος,
716 2727 739 2769 s,
754 2703 1000 2783 Ἀπολλόδωρος
1015 2707 1138 2770 Γελῶος
1154 2757 1160 2770 .
1176 2755 1183 2770 .
1198 2708 1384 2789 ςύγχρονος,

200 2799 257 2858 τοῦ
286 2799 423 2872 κωμικοῦ
449 2793 654 2872 Μενάνδρου,
685 2818 708 2858 s.
731 2794 974 2860 Ποςείδιππος.
995 2795 1116 2878 ,τρίτῳ
1145 2794 1208 2860 ἔτει
1233 2800 1312 2877 μετὰ
1338 2803 1376 2866 τὸ

200 2887 382 2962 τελευτῆςαι
395 2883 454 2947 τὸν
469 2885 663 2961 Μένανδρον
679 2933 686 2948 .
702 2879 731 2966 .),
751 2889 920 2965 pariterque
935 2889 995 2947 alia
1008 2889 1112 2948 multa.
1146 2889 1205 2949 Sed
1218 2896 1378 2967 praeterea

200 2977 239 3036 ad
253 2976 387 3036 ordinem
397 2977 641 3053 chronologicum
655 2975 686 3034 in
701 2976 845 3054 Hesychii
858 2977 934 3037 libro
950 2981 1100 3037 servatum
1114 2979 1283 3040 rettulerim
1299 3003 1377 3060 quac

202 3065 395 3142 reperiuntur
409 3085 431 3125 s.
447 3061 619 3141 (inlusione
634 3060 753 3140 Κρίνεω
768 3113 775 3125 .
791 3114 796 3126 .
812 3063 927 3140 γέγονε
943 3064 978 3126 δὲ
997 3063 1057 3126 καὶ
1076 3062 1190 3127 αὐτὸς
1209 3068 1287 3143 μετά
1305 3069 1376 3134 ἐνε-

203 3153 342 3231 νήκοντα
352 3151 402 3214 καὶ
412 3151 581 3229 τριάκοντα
592 3149 887 3232 ἔτητιῦνΤρωικῶν,
899 3176 937 3216 sc.
946 3150 1180 3232 υδἈρχίλοχος,
1190 3159 1273 3220 cuius
1282 3163 1378 3222 vitam

201 3244 239 3303 ab
254 3244 404 3320 Hesychio
420 3245 482 3303 sine
495 3245 585 3304 dubio
605 3249 775 3305 enarratam
791 3245 896 3305 Suidae
913 3246 1079 3306 describere
1099 3246 1199 3306 omisit
1218 3241 1268 3330 (cf.
1284 3252 1375 3312 Volk-

201 3353 342 3392 mannum
358 3333 412 3410 ΙΙΙ,
434 3353 462 3409 p.
483 3333 538 3411 IV,
565 3337 656 3409 atque
676 3339 746 3411 post
767 3354 835 3394 cum
851 3335 999 3394 Rohdium
1018 3335 1094 3394 Mus.
1112 3335 1166 3395 Rh.
1186 3356 1213 3397 n.
1235 3340 1375 3416 XXXIII,

204 3425 265 3483 193
286 3441 328 3498 sq.
353 3423 384 3482 et
406 3423 442 3482 de
466 3423 567 3484 uerbis
589 3422 656 3482 istis
681 3428 712 3483 et
735 3426 771 3483 de
792 3445 825 3484 re
849 3425 915 3500 ipsa
938 3425 1033 3483 multo
1057 3424 1197 3486 subtilius
1216 3447 1251 3488 ae
1268 3432 1375 3506 proba-

201 3511 291 3571 bilius
306 3504 536 3592 disputantem);
556 3531 580 3572 s.
597 3510 760 3573 Μουςαῑος
770 3507 919 3589 Ἐφέςιος,
935 3513 1094 3589 siquidem
1109 3533 1180 3574 vera
1196 3520 1242 3577 est
1252 3517 1374 3581 Wachs-

198 3599 308 3660 muthii
326 3600 496 3660 coniectura
509 3602 602 3662 verba
621 3602 664 3662 sic
677 3604 864 3680 refingentis:
884 3600 925 3662 Μ.
941 3597 981 3662 Ἐ.
1001 3599 1061 3662 καὶ
1080 3598 1197 3664 αὐτὸς
1217 3603 1373 3671 ἐποποιὸς

201 3680 254 3768 (sc.
278 3691 312 3747 ut
332 3687 373 3749 Μ.
392 3682 578 3750 Ἐλευςίνιος
601 3695 693 3766 poeta
716 3687 876 3770 vetustior)
899 3691 965 3752 τῶν
984 3687 1028 3751 εἰς
1046 3689 1121 3752 τοῦς
1140 3690 1374 3772 Περγαμηνοὺς

201 3774 347 3849 κῦκλους;
378 3799 399 3838 s.
427 3775 624 3855 Πείςονδρος
655 3778 812 3856 Νέςτορος
839 3781 898 3841 τοῦ
926 3781 1060 3854 ποιητοῦ
1091 3777 1373 3850 υλὸς..ἐποποιότ

150 3891 152 3896 v
201 3863 260 3927 καὶ
279 3863 405 3941 αὐτός,
427 3889 465 3929 sc.
484 3871 519 3927 ut
539 3867 666 3944 Νέςτωρ
680 3867 863 3944 Λαρανδεῦς
878 3917 884 3930 .
900 3916 905 3931 .
922 3867 1077 3931 ἐποποιὸς
1093 3863 1143 3950 (cf.
1157 3871 1237 3936 Suid.
1250 3895 1272 3935 s.
1283 3878 1311 3936 λι.
1321 3873 1373 3961 u),

201 3975 223 4016 s.
251 3951 406 4016 Νικόλαος
426 4005 432 4018 .
452 4004 459 4018 .
478 3953 620 4034 ἀδελφὸς
640 3955 850 4034 Διοςκορίδου
877 3960 1092 4034 γραμματικοῦ
1113 4005 1119 4018 .
1139 4005 1146 4020 .
1167 3963 1371 4038 ςοφιςτεύςας

204 4095 416 4105 m—

203 4163 346 4290 mUtiquqn
360 4163 459 4232 quibus
477 4181 533 4218 non
552 4165 654 4220 desunt
672 4182 742 4234 quae
761 4166 822 4236 ipse
837 4165 905 4220 mihi
920 4165 1037 4221 comiter
1051 4166 1243 4237 suppeditavit
1256 4171 1370 4229 Wachs·
