2878 4726
133 975 323 1036 Litterarum
334 975 515 1036 Graecarum
524 997 626 1038 veram
636 978 794 1040 historiam
803 999 861 1041 non
876 981 958 1056 prius
972 1001 1061 1062 posse
1074 987 1218 1060 perscribi

39 1085 135 1141 quam
156 1065 193 1126 de
212 1066 340 1126 fontium
360 1068 390 1126 et
408 1067 661 1142 testimoniorum,
686 1089 704 1128 a
728 1070 836 1146 quibus
860 1069 955 1130 omnis
974 1072 1036 1132 fere
1056 1077 1086 1133 et
1103 1075 1218 1150 profici-

40 1159 147 1216 scatur
166 1175 257 1233 opera
275 1158 379 1216 nostra
403 1156 569 1234 notitiaque
595 1163 626 1218 et
649 1159 687 1216 ad
710 1177 787 1234 quae
811 1178 1024 1236 usquequaque
1048 1169 1218 1225 revertatur

40 1249 174 1324 oportet,
194 1246 291 1307 forma
309 1245 479 1306 condicione
498 1246 631 1307 fontibus
655 1247 714 1307 fide
736 1248 963 1324 diligentissime
982 1254 1023 1309 sit
1039 1254 1217 1328 quaesitum,

40 1355 103 1394 non
123 1337 184 1394 iam
204 1338 304 1411 potest
322 1335 531 1411 subterfugere
550 1337 661 1411 peritos
680 1336 804 1408 iudices,
830 1339 965 1411 quamvis
989 1341 1095 1399 harum
1118 1363 1219 1402 rerum

41 1444 155 1500 parum
168 1425 330 1484 habuerint
342 1423 498 1498 rationem,
517 1425 569 1501 qui
582 1429 678 1485 artem
692 1427 788 1502 ipsam
803 1431 998 1502 susceperunt
1012 1433 1217 1493 enarrandam.

40 1516 206 1582 Enimvero
226 1533 302 1590 quae
320 1517 437 1574 veteres
452 1518 588 1574 auctores
603 1515 640 1575 de
653 1535 687 1574 re
700 1515 850 1575 litteraria
866 1515 1046 1576 Graecorum
1060 1522 1217 1595 prodidere

41 1605 222 1680 plerumque
240 1621 300 1662 non
318 1603 383 1679 ipsa
402 1607 531 1663 aetatem
550 1605 692 1682 tulerunt,
712 1605 764 1665 sed
782 1607 960 1681 permultos
975 1608 1080 1670 fluvios
1095 1611 1217 1671 rivolus-

41 1713 101 1771 que
116 1696 286 1770 propagata
300 1693 473 1752 continuata
486 1693 622 1766 dilatata,
641 1713 710 1754 mox
724 1695 815 1754 etiam
830 1695 998 1757 deformata
1013 1703 1043 1757 et
1058 1699 1217 1760 obscurata

40 1783 219 1844 recentioris
239 1785 270 1842 et
293 1782 412 1842 infimae
434 1782 542 1842 aetatis
563 1783 741 1859 scriptorum
761 1803 814 1844 seu
833 1785 1051 1861 conpilatorum
1069 1788 1218 1849 industria

41 1874 130 1934 nobis
156 1875 275 1932 servata
295 1875 373 1936 suut.
410 1871 669 1932 Pernecessarium
692 1873 787 1950 igitur
810 1877 856 1933 est
874 1876 909 1933 ut
927 1876 1026 1935 omnia
1045 1879 1218 1938 testimonia

42 1983 134 2040 quam
154 1949 380 2022 adcuratissime
399 1961 617 2036 examinentur,
640 1982 734 2038 eaque
758 1982 834 2039 quae
858 1983 874 2022 e
897 1964 1001 2038 priscis
1025 1966 1216 2044 limpidisque

42 2052 178 2112 fontibus
197 2053 358 2110 manarunt
371 2069 425 2126 per
440 2052 572 2128 singulos
588 2052 699 2128 gradus
714 2053 752 2111 ad
768 2070 855 2110 suum
870 2056 1022 2114 auctorem
1037 2057 1214 2117 referentur.

43 2141 109 2212 Quo
133 2141 254 2218 quidem
276 2141 307 2198 in
330 2159 438 2216 genere
463 2143 551 2216 qua‘m
575 2141 672 2200 multa
695 2142 791 2201 adhuc
810 2141 857 2200 vel
875 2142 990 2202 incerta
1008 2145 1151 2206 vacillent
1168 2148 1217 2206 vel

43 2232 223 2291 delitescant
242 2231 376 2305 obscura,
395 2247 481 2288 nemo
500 2230 595 2290 nescit
613 2231 663 2307 qui
683 2232 737 2292 has
755 2232 873 2291 litteras
893 2233 1049 2307 paululum
1064 2235 1216 2312 adtigerit.

44 2322 80 2379 ln
99 2320 231 2380 Suidae
250 2338 321 2379 vero
335 2319 547 2396 biographiois,
566 2339 642 2395 quae
656 2321 859 2396 largissimam
873 2339 907 2380 ac
921 2341 1009 2398 saepe
1023 2324 1085 2382 fere
1100 2325 1216 2384 unicam

44 2411 215 2470 litterarum
225 2409 407 2469 Graecarum
417 2408 555 2469 notitiam
566 2409 767 2484 suppeditant,
777 2429 872 2485 nuper
883 2411 1046 2470 extiterunt
1056 2414 1106 2488 qui
1116 2414 1217 2472 lauda-

44 2501 106 2560 bile
124 2518 158 2558 ac
176 2500 272 2559 bonae
291 2497 387 2575 frugis
406 2498 612 2573 plenissimum
632 2501 821 2560 conlocarant
844 2501 988 2578 studium3
1014 2505 1115 2560 tamen
1140 2503 1217 2561 sicut

44 2609 94 2649 res
106 2589 221 2649 ferebat
235 2588 356 2647 minime
371 2588 470 2647 omnia
484 2607 550 2646 cum
565 2589 732 2664 pulvisculo
747 2591 782 2648 ut
796 2589 882 2646 aiunt
896 2590 1098 2650 exhauserunt
1110 2592 1219 2651 multa-

45 2697 104 2755 que
118 2677 184 2737 aliis
200 2677 383 2738 emendanda
398 2676 564 2754 supplenda
579 2679 760 2739 enucleanda
773 2679 968 2754 reliquerunt.
997 2677 1078 2748 Quae
1093 2699 1161 2739 cum
1174 2681 1218 2740 ita

46 2769 109 2828 sint
126 2787 233 2844 operae
250 2767 382 2843 pretium
401 2767 538 2826 futurum
556 2767 699 2842 iudicavi,
719 2768 744 2828 si
763 2767 794 2825 in
813 2765 922 2827 Suidae
941 2769 1019 2828 uitas
1039 2770 1217 2845 scriptorum

46 2857 228 2917 Graecorum
242 2857 338 2916 denuo
352 2857 503 2932 inquirere
517 2876 648 2918 conarer.
681 2856 739 2916 Sed
753 2855 815 2917 noli
828 2856 943 2932 opinari
956 2861 1053 2918 totam
1067 2878 1115 2917 me
1130 2878 1216 2935 quae-

46 2949 173 3007 stionem
191 2947 347 3006 absolvere
365 2946 507 3006 voluisse:
532 2949 610 3023 quod
633 2967 671 3007 ne
694 2965 813 3024 possem
837 2946 957 3022 quidem
979 2967 1033 3022 pro
1052 2948 1217 3007 innumeris

47 3037 154 3114 quibus
177 3037 234 3095 hoc
258 3054 332 3111 opus
355 3036 522 3111 inpeditum
545 3040 592 3095 est
615 3035 851 3096 difficultatibus.
893 3036 957 3112 Ego
983 3037 1119 3113 equidem
1144 3037 1217 3097 satis

45 3127 143 3186 habeo
161 3127 315 3185 hominum
333 3126 487 3185 doctorum
506 3125 693 3201 opinionibus
708 3125 862 3185 subtiliter
881 3128 911 3184 et
925 3126 1135 3202 circumspecte
1150 3145 1216 3185 exa-

47 3215 167 3275 minatis
186 3213 275 3274 huius
290 3214 504 3290 disquisitionis
521 3233 585 3274 eam
600 3215 789 3291 potissimum
802 3217 919 3290 partem
934 3233 1009 3290 quae
1028 3215 1058 3273 in
1072 3216 1217 3274 librorum

46 3302 1217 3380 tabularumSuidianarumoriginefidequeindagandaversaturpertractasse,

47 3415 80 3455 ac
100 3397 198 3454 cetera
217 3411 293 3470 quae
313 3393 349 3452 de
369 3393 555 3470 singularum
573 3393 760 3453 notationum
779 3392 877 3452 indole
891 3394 1023 3454 fontibus
1038 3395 1216 3453 auctoritate

46 3486 126 3544 recte
144 3482 392 3543 animadvertisse
411 3483 485 3541 mihi
503 3483 618 3558 videar,
642 3486 711 3558 apte
731 3481 876 3557 disposita
893 3483 1063 3558 protulisse.
1102 3481 1167 3553 Qua
1186 3483 1216 3540 in

47 3595 78 3634 re
103 3573 160 3633 dici
181 3572 286 3648 nequit
312 3575 457 3648 quantum
485 3571 605 3631 adiutus
634 3573 689 3632 sim
714 3570 745 3630 Ο.
769 3571 988 3630 Wachsmuthii
1014 3573 1217 3648 praeceptoris

48 3663 160 3739 optumi
182 3661 294 3738 insigni
317 3680 408 3738 opera
432 3660 555 3720 consilio
579 3661 726 3736 exemplo:
756 3661 834 3735 quod
858 3679 986 3737 aequare
1009 3661 1080 3720 licet
1102 3660 1216 3719 viribus

48 3753 121 3813 meis
132 3751 312 3828 denegatum
322 3751 422 3824 fuerit,
437 3750 648 3810 suavissimum
657 3755 759 3809 tamen
774 3749 833 3808 fuit
847 3769 900 3826 pro
910 3750 991 3810 virili
1000 3754 1086 3826 parte
1096 3750 1216 3809 imitari.

135 3841 248 3900 Verum
263 3843 422 3917 antequam
437 3840 475 3899 ad
489 3841 675 3916 propositum
688 3839 788 3915 ipsum
802 3840 1013 3916 adgrediamur
1026 3857 1122 3914 pauca
1134 3858 1218 3914 prae·

49 3933 106 3993 lari
115 3931 221 4008 placet.
245 3928 374 3989 Suidas
388 3929 496 4005 quihus
512 3949 547 3987 ex
561 3930 694 3990 fontibus
708 3930 739 3986 in
755 3923 832 4004 βίοι(
847 3929 1026 4004 scriptorum
1036 3926 1217 3987 Graecorum

49 4021 190 4094 hauserit,
212 4021 283 4094 post
304 4019 534 4094 Bernhardyum
554 4011 755 4100 (Conmentat.
779 4017 816 4076 de
835 4017 915 4077 Suid.
935 4017 1018 4077 lexic.
1039 4015 1070 4076 d.
1089 4016 1128 4076 ΙΙ.
1148 4014 1167 4092 ξ
1189 4020 1217 4090 9,

51 4135 77 4189 p.
92 4110 163 4170 LIII
178 4101 236 4189 sq.)
255 4108 384 4184 primum
404 4108 506 4167 dedita
525 4127 615 4184 opera
633 4106 737 4166 rimari
754 4113 877 4167 conatus
898 4111 945 4166 est
961 4106 1029 4165 Did.
1048 4106 1217 4166 Volkmann

51 4199 180 4280 (dissert.
204 4191 256 4255 ‘de
282 4197 391 4257 Suidae
413 4197 613 4274 biographicis
642 4197 769 4272 quaesit.
794 4190 947 4270 selectae',
978 4195 1072 4255 Bonn.
1103 4186 1218 4275 1861),

52 4291 119 4349 dein
154 4288 230 4346 hanc
262 4287 467 4362 quaestionem
497 4290 668 4347 tractarunt
699 4283 770 4345 Otto
804 4284 965 4345 Schneider
1000 4275 1218 4366 (disputatione

971 4380 1006 4437 1*
