2878 4726
338 37 379 92 De
399 37 501 92 Suidae
520 37 766 108 biographioorum
785 39 892 109 origine
911 41 941 94 et
958 40 1019 95 fide.
1245 42 1265 106 9

70 202 146 265 καὶ
178 202 297 266 αὐτὸς
325 201 362 266 ἑν
391 201 723 280 Κωνςταντινουιιόλει
751 203 897 283 (ceterum
919 209 1051 284 glossam
1077 228 1153 286 quae
1180 230 1263 286 prae-

72 295 180 370 cedit,
207 315 230 356 s.
255 290 410 356 Νικόλαος
434 290 552 371 ῥήτωρ,
583 314 650 356 curn
680 297 735 355 hac
762 297 827 372 ipsa
850 298 1060 378 concedendam
1089 318 1155 358 esse
1187 300 1263 360 vidit

71 385 291 446 Boissonadus
308 382 352 460 [in
365 385 472 446 Μανία
486 385 546 444 Vit.
561 385 655 446 Procl.
665 406 693 462 p.
705 378 785 468 87]),
804 405 842 445 sc.
858 389 892 446 ut
906 387 1001 446 frater
1016 389 1066 464 qui
1080 391 1169 447 antea
1183 391 1262 466 apud

75 473 214 534 Suidam
230 475 400 535 nominatur
415 469 612 550 Διοςκόριος,
628 473 782 550 Μυραῑος,
802 469 857 535 ..ὁ
872 471 1000 538 διδάξας
1015 473 1070 537 τάς
1086 475 1262 553 θυγατέρα(

73 553 243 624 Λέοντοε.
254 560 305 623 .ἐν
321 558 482 642 Βυζαντίῳ
498 557 549 644 (cf.
565 564 673 623 Bernh.
689 564 770 626 adh.
785 560 854 642 gl.);
875 583 898 626 s.
913 559 1051 641 Ὀρφεὺς
1068 563 1260 628 Κικοναῖος.,

72 650 205 725 γέγονε
225 649 260 712 δὲ
279 649 338 713 καὶ
357 647 469 712 οὗτος
489 649 551 727 πρὸ
570 648 718 730 Ὀμήρου,
738 651 797 715 δόο
816 655 942 726 γενεαῖς
962 651 1174 731 πρεςβότερος
1192 656 1259 717 τῶν

73 738 253 816 Τρωικῶν,
277 761 316 802 so.
340 746 374 801 ut
393 736 531 817 Ὀρφεὺς
550 742 662 820 Thrax,
686 763 773 819 quem
793 741 962 816 γεγονέναι
986 741 1049 818 πρὸ
1074 739 1115 804 ια’
1137 745 1261 818 γενεῶν

73 831 150 891 τῶν
166 827 320 906 Τρωικῶν
335 831 441 891 Suidas
461 851 483 892 s.
498 832 526 892 h.
542 852 569 892 ν.
588 832 631 892 ait
650 825 700 913 (cf.
715 832 843 892 Loheok.
862 833 1011 909 Aglaoph.
1027 825 1114 911 356),
1135 855 1260 911 quocum

75 939 251 998 conparare
265 921 335 981 licet
350 922 428 997 quod
443 921 552 980 dicitur
567 917 754 995 Εὔμολπος.
770 969 777 982 .
792 919 947 982 ἐποποιὸς
962 922 1029 982 τῶν
1043 920 1106 997 πρὸ
1120 919 1260 999 Ὁμήρου

75 1007 132 1087 (cf.
153 1010 248 1070 etiem
266 1011 307 1086 gl.
328 1003 502 1086 Κόριννος).
539 1010 630 1070 Porro
649 1009 752 1087 glossa
771 1031 792 1070 s.
813 1005 1032 1086 Ἐμπεδοκλῆς,
1051 1013 1260 1087 θυγατριδοῦ(

76 1100 141 1160 τοῦ
167 1097 357 1175 προτέρου
383 1092 435 1179 (sc.
458 1100 646 1175 Empedoclis
668 1093 865 1186 philosophi),
892 1096 1040 1175 τραγικός
1060 1098 1070 1162 .’
1087 1145 1094 1161 .
1112 1121 1190 1162 nunc
1212 1122 1259 1180 ap.

77 1189 210 1248 Suidem
230 1193 300 1249 ants
313 1210 340 1251 v.
357 1183 611 1263 Ἐμπεδοκλῆς..
628 1183 809 1264 φιλόςοφος
828 1191 980 1250 conlocata
998 1191 1029 1248 iu
1044 1188 1259 1270 Onomatologo

75 1281 192 1338 harum
207 1280 377 1356 glossarum
392 1279 544 1338 inversum
562 1279 632 1338 olim
652 1278 786 1339 ordinem
804 1297 946 1354 regnasse
960 1280 1127 1341 luculenter
1142 1282 1259 1357 evincit,

77 1389 174 1445 quem
194 1368 314 1446 quidem
334 1367 574 1444 chronologicum
589 1360 792 1443 ‘epitomator'
807 1387 935 1444 eumque
954 1371 1073 1429 secutus
1089 1368 1196 1430 Suidas
1215 1371 1259 1450 ita

77 1459 309 1532 inmutaverint,
329 1461 363 1516 ut
381 1458 477 1534 primo
495 1459 560 1516 loco
575 1457 763 1533 Empedoclis
778 1449 936 1536 (tauquam
954 1451 1110 1540 poetae),
1130 1461 1258 1521 secundo

78 1549 114 1606 E.
143 1549 317 1624 philosophi
346 1539 503 1627 (tanquam
532 1547 715 1622 pedestris
748 1539 960 1629 scriptoris)
994 1549 1177 1608 notationem
1209 1571 1260 1626 po-

78 1629 232 1716 nerent.⁶)

173 1726 310 1803 Itemque
320 1726 414 1786 totius
425 1724 592 1786 sententiae
601 1726 760 1786 veritatem
774 1725 889 1785 firmius
905 1726 1103 1786 conroborare
1117 1727 1258 1787 videntur

79 1819 178 1878 verba
196 1834 272 1893 quae
291 1817 434 1893 leguntur
447 1814 479 1874 in
493 1815 534 1892 gl.
550 1809 723 1891 Εὐςέβιος
743 1808 895 1891 Ἀράβιος,
914 1818 1073 1892 propterea
1088 1817 1161 1876 satis
1175 1822 1258 1878 nota·

79 1907 158 1966 bilia
168 1907 247 1982 quod
258 1905 380 1965 Eusebii
389 1905 477 1964 istius
488 1907 570 1964 aetas
582 1903 619 1962 ad
629 1905 850 1982 Hesychienam
860 1905 982 1981 propius
992 1924 1081 1982 quam
1092 1909 1259 1966 ceterorum

79 2015 157 2073 quos
181 1997 279 2055 adhuc
299 1995 537 2054 enumeravimus
562 1993 740 2070 scriptorum
763 1994 886 2054 accedit:
912 1991 1073 2069 ςοφιςτής,
1097 1989 1258 2074 άντιςοφι-

80 2082 213 2146 ςτεύςας
228 2081 286 2145 καὶ
301 2081 413 2144 αὐτὸς
428 2080 610 2163 Οὐλπιανῷ,
625 2085 736 2144 nullius
747 2084 869 2144 Eusebii
883 2085 932 2144 vel
946 2083 1023 2143 alius
1038 2085 1191 2145 cuiusdam
1206 2088 1259 2162 qui

81 2176 176 2234 fuerit
186 2175 309 2252 Ulpiani
322 2175 456 2233 aemulus
471 2174 621 2234 mentione
636 2177 725 2234 antea
738 2173 826 2250 facta,
842 2172 921 2234 unde
936 2174 1081 2250 suspicari
1094 2173 1165 2234 licet
1178 2178 1258 2252 apud

82 2265 269 2343 Hesychium
288 2263 486 2340 praecessisse
503 2263 679 2322 memoriam
696 2263 796 2323 nescio
820 2263 902 2324 ouius
927 2263 1090 2339 sophistae,
1115 2264 1167 2340 qui
1191 2284 1258 2325 con-

81 2374 186 2432 parem
208 2355 239 2412 in
267 2354 388 2413 modum
416 2356 505 2428 atque
528 2353 676 2412 Eusebius
703 2353 786 2412 illius
810 2344 945 2412 aemulus
973 2353 1122 2412 ext'terit:
1151 2355 1257 2430 quales

83 2444 205 2520 quidem
224 2443 349 2519 cogitari
367 2445 494 2518 possunt
509 2440 698 2501 Constantini
712 2443 852 2518 aequales
866 2441 944 2501 hice:
965 2439 984 2501 Γ
986 2435 1143 2516 υμνάςιοε,
1164 2440 1257 2503 Θέων

83 2529 249 2606 (ιδῶνιος,
273 2526 445 2608 Ἰάμβλιχός
469 2525 662 2606 φιλόςοφος,
690 2525 867 2607 Ὀνάςιμος,
896 2525 1094 2606 Παλλάδιος,
1122 2529 1255 2593 Παῦλος

83 2618 261 2694 Αἰγύπτιος.

105 2699 112 2714 ’
171 2711 309 2788 Denique
335 2731 428 2770 unum
453 2710 587 2787 suppetit
612 2711 790 2786 exemplum,
819 2730 877 2787 quo
899 2709 998 2770 nescio
1021 2729 1060 2769 an
1081 2710 1160 2769 idem
1184 2713 1255 2773 ordo

85 2802 267 2875 stabiliatur,
287 2820 309 2861 s.
328 2795 502 2875 Πρόκλος
521 2794 540 2859 ό
559 2794 683 2874 Λύκιος,
703 2797 841 2874 μαθητὴς
861 2795 1028 2874 copiosos,
1048 2793 1200 2876 ἀκουςτής
1220 2799 1255 2862 δὲ

84 2885 298 2966 Πλουτάρχου
313 2889 371 2951 τοῦ
388 2884 567 2964 Νεςτορίου,
587 2885 646 2954 καὶ
666 2884 780 2949 αὐτὸς
799 2883 980 2965 φιλόςοφος
994 2886 1254 2965 Πλατωνικός,
1326 2923 1329 2929 ·

86 2982 198 3059 pariter
228 2999 262 3040 ac
288 2973 441 3054 (υριανός
460 3025 466 3038 .
487 3025 493 3038 .
515 2973 708 3055 φιλόςοφος,
740 2973 937 3054 ἡγηςάμενος
964 2978 1020 3052 τῆς
1048 2974 1084 3038 ἐν
1112 2971 1256 3055 Ἀθήναις

87 3071 201 3146 ςχολῆς
215 3086 250 3130 τε
261 3065 312 3129 καὶ
327 3069 487 3144 διατριβῆς
498 3063 531 3145 (i.
542 3087 565 3128 e.
581 3069 699 3128 scholae
714 3087 789 3145 quae
803 3070 994 3144 nuncupatur
1008 3060 1255 3150 neoplatouicae),

154 3241 175 3309 6)
195 3239 269 3294 Nam
289 3239 319 3292 in
338 3238 440 3296 Suidae
463 3238 553 3294 lexico
577 3240 639 3306 (nec
663 3238 745 3294 aliter
768 3237 824 3292 fuit
845 3237 874 3292 iu
895 3236 1028 3307 Hesychii
1047 3237 1181 3308 epitoma)
1201 3238 1255 3293 sin-

87 3313 164 3382 gulos
192 3313 357 3378 ὁμωνύμους
384 3311 532 3380 scriptores
559 3311 589 3363 in
617 3309 778 3366 universum
804 3309 846 3363 ita
872 3308 999 3364 videmus
1028 3307 1193 3378 dispositos,
1225 3313 1257 3365 ut

87 3383 204 3454 primum
228 3387 339 3452 poetae,
368 3381 432 3436 dein
458 3399 557 3451 prosae
583 3381 719 3436 orationis
742 3383 869 3436 auctores
891 3382 1100 3447 recenseantur,
1126 3380 1156 3434 id
1179 3382 1255 3448 quod

88 3456 160 3510 cadit
178 3454 205 3507 in
226 3455 263 3522 gl.
283 3472 303 3507 s.
324 3454 545 3521 Ἀπολλόδωρος,
566 3453 761 3520 Ἀπολλώνιος,
783 3453 994 3520 Ἀριςτοφάνης,
1015 3453 1169 3520 Ἀρριανός,
1190 3455 1254 3507 Διο-

87 3529 173 3594 γένης,
184 3527 343 3594 Ἕρμιππος,
354 3526 518 3592 θεοδέκτης,
528 3525 700 3592 θεόπομπος,
711 3525 865 3591 Ἵππαρχος,
881 3524 1051 3592 Μένανδρος,
1067 3524 1253 3594 Μενεκράτης,

89 3600 187 3666 Μυρὼ,
206 3598 343 3664 Ὅμηρος,
362 3595 557 3663 Παλαίφατος,
576 3596 762 3663 Πτολεμαῖος,
783 3595 925 3663 (τράττις,
945 3594 1088 3662 (τράτων,
1114 3594 1253 3664 (ωτάδης,

87 3671 230 3736 Τιμόθεος,
250 3667 385 3736 Φιλίςκος,
406 3669 565 3735 Φιλόξενος,
585 3668 729 3734 Φρύνιχος.
767 3666 806 3720 At
828 3682 919 3735 pauca
942 3665 1071 3735 exempla
1093 3681 1165 3734 quae
1187 3665 1254 3720 huic

89 3741 143 3812 legi
159 3741 319 3810 repugnant
338 3739 500 3809 plerumque
519 3738 559 3793 sic
576 3745 693 3807 possunt
715 3736 853 3807 expediri,
878 3740 910 3792 ut
929 3735 1028 3792 Suidas
1051 3737 1110 3806 ipse
1134 3754 1167 3790 ex
1190 3737 1254 3792 aliis

89 3812 207 3868 sontibus
226 3810 349 3880 glossam
373 3811 522 3876 όμῶνυμον
546 3808 645 3864 ceteris
668 3807 818 3864 inseruerit
841 3809 899 3862 sive
923 3807 1097 3877 adposuerit,
1121 3808 1155 3862 cf.
1175 3808 1212 3878 gl.
1233 3827 1254 3870 s.

91 3885 271 3952 Ἀρίςταρχος,
292 3882 448 3949 Διόδωρος,
469 3882 658 3948 Νικόςτρατος,
678 3881 839 3948 (ώτατρος,
858 3879 1002 3947 Φίλιππος,
1022 3896 1140 3946 quarum
1159 3896 1254 3934 omnes

90 3958 175 4027 prima
193 3955 310 4023 excepta
329 3952 429 4007 Suidas
448 3969 482 4005 ex
501 3952 646 4007 Athenaeo
666 3951 827 4022 oonpilavit.
848 3982 880 3991 -
901 3951 1031 4006 Ceterum
1053 3968 1153 4019 parum
1175 3950 1255 4006 iuvat

90 4027 161 4097 quod
174 4023 369 4093 Bernhardyus
384 4024 518 4078 lectorem
532 4023 569 4076 ad
582 4023 687 4078 huertii
701 4024 718 4076 l.
735 4022 808 4089 VllI,
824 4028 857 4077 58
876 4021 1020 4092 relegavit,
1038 4021 1087 4076 ubi
1101 4022 1155 4077 hoc
1168 4040 1255 4077 unum

90 4099 215 4169 legimus:
246 4094 423 4163 Ἡρακλείδης
442 4096 472 4148 δὲ
487 4137 492 4148 .
510 4136 515 4148 .
531 4089 648 4162 ἑτέρου
669 4098 752 4163 φηςίν
771 4097 840 4149 εἶναι
859 4096 909 4148 τὰς
931 4093 1089 4164 τραγῳδίας
1111 4096 1160 4162 (sc.
1181 4111 1253 4161 quae

91 4166 248 4239 Empedocli
272 4167 440 4236 philosopho
463 4166 548 4235 volgo
574 4165 815 4236 adscribebantur)
838 4166 916 4220 nulla
940 4165 1053 4222 alterius
1076 4165 1254 4235 Empedoclis

92 4240 224 4298 mentione
243 4240 327 4294 antea
343 4237 455 4293 iniecta.
