2878 4726
193 313 279 354 usam
304 310 447 353 5555555
467 289 576 348 8511155
596 288 648 348 sed
667 287 810 364 Hesychii
833 306 931 363 opere.
969 285 1027 345 Sed
1051 287 1099 345 hic
1122 286 1279 362 paululum
1304 289 1375 346 sub-

195 385 345 443 sistamus.
373 381 532 441 Enimvero
547 377 735 437 Nietzschius
750 395 939 453 nequaquam
953 377 1093 451 probavit
1107 394 1212 436 revera
1226 375 1375 436 conflasse

196 473 317 532 85111515
342 472 416 530 duos
440 467 583 544 Hesychii
607 467 749 526 articulos
772 459 866 545 (idem
890 466 1019 541 sumpsit
1040 466 1266 542 Bernhardyus,
1290 465 1374 525 Hist.

195 562 269 622 Litt.
283 560 333 619 Gr.
348 561 386 632 II,
404 550 448 632 1³,
465 550 558 638 529);
578 557 668 615 immo
687 574 736 615 res
756 556 843 616 aliter
862 559 963 631 potest
981 555 1123 630 expediri.
1156 554 1235 613 Nam
1249 557 1284 612 ut
1303 555 1373 614 ilico
1431 563 1432 614 ἒ

196 650 354 728 profitear,
378 648 486 707 8511155
505 647 553 707 151
572 649 676 705 555551
694 645 757 704 5155
775 648 872 704 totum
893 663 967 720 opus
988 637 1138 724 (γνῶμαι)
1156 663 1301 704 15155515
1319 663 1373 701 nu·

197 758 279 799 mero
299 739 415 798 adiecto
434 737 465 795 15
484 736 583 795 115555
604 735 724 794 tabulae
742 735 884 806 laudavit,
905 734 1011 793 deinde
1030 734 1164 810 singulas
1184 735 1248 792 eius
1268 735 1374 808 partes

199 827 365 889 subiunxit:
406 818 439 907 1)
472 819 698 899 γνωμολογίαν
726 821 807 898 πρὸ(
837 820 967 897 Κύρνον.
1006 815 1040 903 2)
1070 819 1180 897 ἑτέρα(
1207 818 1374 897 ὑποθήκαε

141 975 144 981 ,
198 911 432 992 παραινετικάε,
451 917 482 975 15
501 915 609 991 quibus
628 913 748 973 nomina
768 932 870 973 eorum
890 931 962 989 quos
982 917 1071 989 poeta
1085 912 1283 989 adpellaverit
1301 913 1375 971 olim
1432 977 1433 982 .

199 1009 303 1067 eodem
321 1008 408 1067 modo
428 1008 550 1065 enotata
567 1003 662 1062 151555
680 1003 825 1078 suspicari
843 1003 953 1062 licebit.
1011 1053 1017 1064 .
1432 993 1433 998 ’

288 1096 403 1155 Deinde
427 1113 498 1155 vero
522 1093 596 1152 mibi
618 1094 751 1151 nondum
769 1094 957 1169 exploratum
975 1093 1021 1151 est
1040 1091 1201 1150 Eudociam
1220 1090 1258 1149 ab
1278 1091 1377 1168 Hesy-

199 1186 264 1246 chio
283 1185 402 1245 Milesio
417 1186 513 1244 totam
527 1183 669 1259 pendere3
684 1183 773 1242 immo
788 1201 851 1240 rem
867 1181 909 1240 sic
924 1200 989 1242 sese
1003 1181 1113 1239 habere
1127 1180 1223 1257 credo,
1237 1183 1272 1238 ut
1286 1180 1376 1239 docta

199 1275 307 1334 mulier
327 1277 358 1332 55
377 1273 522 1350 Hesycbii
541 1275 572 1331 et
590 1270 699 1330 8511155
717 1272 895 1331 thensauros
915 1261 1181 1351 (155151151511517)
1212 1269 1376 1328 Praeterea

274 1463 307 1532 17)
327 1462 410 1529 Quod
428 1460 555 1516 uberiore
574 1460 817 1529 argumentatione
835 1460 948 1530 probari
967 1460 1065 1514 vetant
1079 1457 1313 1514 conmentationie
1329 1474 1377 1512 an-

201 1534 325 1604 gustiae,
344 1550 430 1602 quare
449 1549 539 1603 pauca
557 1532 697 1586 delibasse
717 1532 846 1586 sufficiat.
879 1532 921 1584 De
939 1531 1063 1586 lontibus
1082 1548 1152 1599 quos
1166 1529 1293 1584 Eudocia
1313 1547 1377 1585 con-

201 1605 319 1660 suluerit
336 1605 481 1659 hominum
501 1605 645 1657 doctorum
665 1603 809 1672 opiniones
832 1602 861 1656 in
884 1603 953 1657 duas
972 1605 1069 1672 partes
1093 1601 1209 1668 abeunt,
1234 1619 1298 1655 5551
1322 1601 1399 1679 5111Ι

199 1677 278 1731 velut
290 1677 483 1745 Bernhardyus
499 1674 604 1744 (Conm.
619 1675 653 1728 de
669 1673 744 1728 Suid.
759 1675 811 1730 lex.
828 1693 852 1742 p.
868 1674 996 1740 XXVIII,
1010 1673 1120 1743 XXXI),
1134 1673 1194 1729 Ric.
1204 1672 1378 1727 Nitzechius-
1434 1689 1435 1700 ¹

201 1753 238 1819 (p.
258 1752 292 1801 28
312 1749 379 1817 511),
403 1747 542 1800 Usenerus
563 1747 643 1814 (Μ55.
663 1745 716 1799 Rh.
735 1765 761 1800 n.
777 1745 909 1814 XXVIII,
928 1752 990 1810 417)
1017 1761 1032 1799 5
1052 1745 1154 1800 8511155
1173 1744 1264 1798 lexico
1282 1745 1377 1799 Eudo-

202 1819 273 1873 ciam
288 1820 423 1888 pleraque
438 1818 652 1888 deprompsisse,
672 1817 722 1871 5111
735 1817 812 1888 iique
826 1817 949 1887 plurimi,
967 1818 1000 1871 ut
1013 1817 1049 1872 Μ.
1066 1816 1237 1871 Schmidtius
1252 1815 1377 1886 (Didym.

202 1897 263 1957 392,
283 1894 312 1945 55
330 1890 430 1944 Annal.
449 1890 518 1960 phil.
538 1890 558 1942 t.
580 1895 611 1943 71
632 1889 669 1956 (a.
686 1893 774 1958 1855),
793 1908 820 1959 p.
835 1893 907 1958 474),
927 1890 1031 1944 Roseus
1050 1889 1102 1958 (De
1122 1890 1168 1944 Ar.
1188 1887 1251 1942 libr.
1267 1905 1291 1942 c.
1309 1891 1339 1942 et
1353 1905 1378 1943 a.

201 1981 229 2033 p.
245 1965 299 2032 56),
319 1961 352 2014 H.
373 1962 509 2016 Weberus
528 1959 640 2029 (Philol.
662 1960 756 2030 Suppl.
778 1962 816 2015 llI
831 1963 932 2030 (1864),
950 1979 978 2030 p.
993 1967 1054 2030 469,
1074 1979 1100 2014 n.
1115 1964 1169 2030 35),
1188 1976 1256 2030 prae
1276 1960 1379 2023 ceteris

203 2039 298 2104 autern
317 2034 360 2088 Fr.
376 2033 551 2087 Nietaschius
567 2033 595 2099 (l.
611 2032 629 2088 l.
646 2038 695 2086 189
711 2035 762 2102 sq.)
782 2035 811 2088 et
828 2033 987 2100 nuperrime
1002 2032 1035 2088 Η,
1050 2032 1183 2086 Flachius
1196 2031 1377 2100 (Untersuoh.
1435 2101 1436 2104 Ἴ

202 2105 248 2160 tib.
269 2104 375 2158 Eudok.
395 2123 421 2160 5,
443 2104 518 2160 85111.
545 2103 718 2173 lipe.1879,
742 2123 768 2174 p.
784 2111 817 2159 37
833 2108 885 2174 sq.)
914 2104 1142 2171 onomatologum
1166 2102 1379 2172 Hesychianum
1435 2113 1436 2148 ἓ

203 2194 367 2232 5551555551
383 2175 485 2230 8511155
499 2175 696 2244 Eudociaeque
709 2175 817 2229 fontem
836 2175 922 2230 151555
941 2177 1093 2230 autument.
1128 2174 1234 2241 Quibus
1249 2175 1380 2228 omnibus

203 2266 316 2319 possum
342 2263 432 2315 neque
460 2247 596 2300 adsentiri
623 2264 712 2315 neque
736 2247 858 2316 obloqui.
897 2248 998 2301 Totam
1022 2263 1088 2301 vero
1112 2245 1306 2315 quaestionem
1331 2247 1382 2315 qui

202 2337 276 2374 5555
292 2318 498 2373 retractandam
514 2316 777 2386 55555115115511155
792 2317 1130 2388 115515115555511151555
1144 2317 1228 2388 plane
1243 2317 1380 2387 abreptus

203 2391 240 2446 ad
259 2389 376 2444 eandem
397 2390 492 2444 omnia
509 2406 636 2443 normam
655 2390 752 2444 eadem
777 2389 834 2444 1515
857 2390 957 2460 11551115
980 2390 1129 2444 sedulitate
1154 2390 1248 2457 exegit
1272 2405 1326 2442 nec
1349 2390 1380 2442 in

202 2462 314 2588 11111
333 2459 1382 2589 5555555155515555555555
1436 2505 1437 2520 ¹

205 2606 333 2660 conabor.
371 2605 477 2660 Maiore
501 2606 600 2658 contra
623 2551 753 2658 55551555
777 2621 810 2680 ac
828 2604 978 2674 prudentia
1000 2550 1039 2656 RI.)
1053 2602 1216 2658 Nitzsche
1240 2601 1382 2671 (Quaestt.

204 2677 307 2730 Eudae.
324 2692 404 2745 capp.
420 2675 466 2742 IV,
481 2674 556 2744 Lips.
573 2678 652 2746 1868)
667 2692 725 2728 1515
740 2675 886 2746 adgressus
906 2678 957 2743 555,
977 2676 1054 2730 55155
1074 2673 1272 2744 disputationis
1288 2675 1384 2729 ordini

205 2763 277 2816 quae
296 2765 370 2801 5555
388 2763 542 2816 proponam
562 2747 766 2802 adconmodare
780 2748 874 2802 liceat.
908 2751 949 2802 Ac
962 2747 1084 2815 primum
1099 2745 1212 2814 quidem
1226 2747 1384 2800 tenendum

206 2821 249 2872 est
272 2820 405 2886 excerpta
422 2817 586 2872 Eudociana
609 2819 758 2886 praecipue
782 2819 811 2872 in
834 2818 992 2873 adferendis
1015 2818 1189 2888 singulorum
1213 2817 1384 2887 scriptorum

206 2890 337 2958 operibus
355 2889 497 2942 interdum
517 2907 576 2943 esee
596 2890 721 2944 auctiora
741 2892 779 2959 (p.
795 2896 837 2956 30,
852 2890 911 2958 31):
931 2905 1002 2959 quae
1021 2889 1148 2959 partim
1166 2889 1256 2959 ipsam
1275 2888 1383 2944 addere

206 2959 331 3030 potuisse
345 2961 489 3014 Nitzschio
508 2960 622 3029 largior,
641 2961 763 3031 plurima
781 2977 835 3015 non
849 2961 918 3016 item
932 2965 969 3032 (p.
985 2967 1027 3030 32,
1042 2963 1095 3028 33).
1129 2961 1252 3026 Quorum
1272 2959 1383 3014 addita·

206 3034 362 3085 mentorum
387 3031 510 3085 indolem
534 3029 559 3084 si
582 3031 815 3099 consideraveris,
843 3050 900 3086 non
924 3050 1016 3103 pauca
1038 3033 1178 3094 nerninem
1201 3031 1383 3100 suppeditare

206 3101 332 3173 potuisse
360 3103 415 3156 5151
440 3103 609 3170 Hesychium
638 3103 721 3157 155115
751 3104 887 3173 dispicias.
926 3105 1011 3158 Recte
1035 3120 1117 3172 porro
1140 3103 1174 3159 N.
1199 3105 1237 3172 (p.
1262 3105 1382 3172 34-35)

210 3176 244 3228 115
264 3173 404 3230 Eudociae
424 3174 631 3229 narrationibus
650 3176 687 3229 ad
704 3175 859 3230 fabularem
878 3175 1024 3231 historiam
1039 3173 1244 3245 pertinentibus
1263 3175 1384 3230 sensisse

207 3245 330 3308 1111555111
357 3244 387 3298 id
410 3247 506 3299 tamen
529 3245 648 3314 probare
672 3247 748 3300 haud
774 3248 893 3315 contigit
911 3249 947 3317 (p.
967 3249 1084 3316 36-40)
1104 3245 1258 3301 Eudociam
1276 3247 1384 3301 multas

207 3318 382 3370 narrationes
402 3316 542 3372 Suidianis
561 3317 710 3372 manifesto
729 3319 928 3373 155555151555
951 3319 1082 3388 propriae
1106 3317 1250 3373 doctrinae
1269 3317 1385 3372 dotibus

209 3387 358 3454 adiecisse,
387 3404 459 3456 quac
488 3405 584 3442 ornnes
607 3390 665 3442 fere
689 3389 770 3444 unice
796 3390 936 3458 Hesychio
959 3390 1101 3444 debentur.
1140 3393 1177 3445 At
1199 3405 1256 3443 non
1280 3389 1385 3443 desunt

208 3459 314 3514 indicia
332 3476 397 3513 sane
417 3476 501 3526 quarn
521 3459 696 3529 gravissima,
716 3461 815 3530 quibus
833 3461 912 3514 illam
931 3461 1033 3515 8511155
1051 3462 1233 3515 thensaurum
1251 3459 1281 3514 in
1300 3479 1383 3514 usum

208 3548 288 3584 suum
308 3531 477 3584 convertisse
494 3531 650 3585 luculenter
664 3533 807 3587 evincitur.
839 3534 871 3586 In
888 3531 1384 3587 *1151511551511151115551515151ίοὶ

209 3619 291 3670 quem
312 3604 476 3670 5555511555
495 3602 599 3656 ordinis
618 3603 663 3658 tot
681 3604 799 3673 vestigia
816 3602 851 3657 N.
870 3605 978 3658 detexit
996 3607 1033 3673 (p.
1053 3608 1182 3671 41-43),
1205 3606 1237 3656 55
1260 3603 1383 3672 amplius

208 3673 333 3726 dubitari
362 3676 484 3742 nequeat
511 3673 578 3741 quin
601 3674 735 3742 plurimas
758 3675 832 3728 vitas
855 3675 982 3730 hauserit
1004 3693 1037 3729 ex
1062 3676 1151 3729 lexico
1174 3676 1284 3729 ratione
1308 3675 1383 3728 anti-

209 3744 344 3798 stoichicc
376 3745 525 3812 adornato,
558 3745 632 3813 quod
666 3745 743 3800 511511
770 3746 856 3800 151555
889 3747 1088 3801 arbitrabimur
1114 3746 1168 3800 nisi
1197 3745 1382 3800 Suidianum?

211 3813 264 3869 Sed
284 3815 359 3869 haud
379 3815 556 3869 mediocriter
574 3816 696 3871 demiror
715 3819 789 3886 quod
803 3818 934 3872 Flachiue
954 3818 1036 3871 huius
1054 3817 1095 3872 rei
1115 3817 1264 3888 singularis
1282 3834 1383 3886 parum

209 3887 309 3941 habuit
323 3887 467 3942 rationem.
501 3889 562 3941 Huc
577 3889 703 3957 adprime
718 3889 848 3943 convenit
861 3891 935 3959 quod
949 3889 1127 3944 Eudocianae
1146 3889 1298 3959 scripturae
1319 3905 1383 3943 cum

210 3957 396 4012 deterioribus
412 3958 491 4012 libris
502 3958 603 4014 8511155
618 3960 801 4014 multifariam
816 3960 975 4030 concinunt,
988 3978 1079 4030 neque
1094 3960 1178 4015 etiam
1194 3962 1231 4015 ab
1241 3960 1382 4016 erroribus

209 4029 237 4082 15
257 4046 326 4098 quos
342 4029 441 4084 8511155
459 4030 577 4084 incurrit
594 4030 646 4085 illa
665 4031 740 4086 55115
758 4034 794 4101 (p.
810 4033 969 4101 43511.,5511
985 4049 1005 4087 5.
1021 4033 1216 4099 Διογενειανόε
1229 4032 1303 4087 15555
1317 4033 1383 4086 5151-

210 4099 311 4169 plicius
330 4101 364 4154 N.
379 4118 438 4154 1515
458 4102 588 4170 expedire
603 4106 719 4156 conatus
734 4109 789 4168 est,
809 4106 843 4160 cf.
859 4104 998 4159 Rohdium
1013 4103 1084 4158 Μ55.
1100 4104 1152 4158 Rh.
1167 4103 1294 4170 XXXIII,
1311 4105 1382 4172 180),

211 4170 314 4239 quain
332 4189 362 4226 re
381 4172 411 4226 id
430 4173 463 4226 N.
482 4173 577 4243 potuit
594 4190 707 4243 urgere,
732 4175 807 4244 quod
830 4175 955 4231 Eudocia
977 4192 1033 4229 555
1051 4194 1114 4229 5551
1134 4175 1267 4230 85111515
1287 4177 1383 4246 glossa

211 4242 338 4309 Μέλητος
365 4242 546 4299 describenda
575 4246 671 4298 rodem
695 4248 778 4302 modo
801 4247 920 4316 turpiter
938 4247 1049 4303 5115115.
1088 4246 1194 4313 Quibus
1219 4249 1382 4317 ponderatis

210 4313 336 4369 Eudocia
356 4313 458 4370 8511155
477 4315 588 4371 lexicon
608 4334 756 4387 usurpasse
775 4318 845 4374 mihi
868 4319 992 4389 videtur,
1016 4319 1057 4374 155
1079 4321 1175 4374 tamen
1197 4323 1230 4373 55
1247 4319 1384 4390 1155151111
