2878 4726
291 144 333 201 De
353 144 456 201 Snidae
474 143 720 216 biographiccrum
739 147 846 217 origine
866 147 894 203 ct
911 147 975 205 fide.
1176 146 1217 210 21

49 314 147 371 tamen
166 314 248 372 inre
267 314 298 371 id
316 314 407 374 velim
426 315 580 390 adtendas,
598 316 629 374 in
640 314 751 376 fluidae
765 315 952 375 notationum
966 316 1044 374 mole
1063 316 1220 390 pristinam

49 401 183 478 Dionysii
203 403 356 479 copiarum
376 404 504 479 speeiem
524 405 710 480 saepiuscule
729 405 926 476 deformatam
951 407 981 463 et
1004 405 1219 466 recentioribus

49 492 264 567 supplementis
284 493 442 553 adauctam
462 511 535 552 esse.
571 494 709 570 Dionysii
723 513 792 554 vero
807 495 901 570 ipsius
915 494 1087 554 testimonia
1105 513 1123 553 a
1140 495 1219 554 locu-

46 580 121 654 pleti
146 583 275 657 quodam
301 586 421 642 auctore
447 582 573 642 oriunda
600 603 663 644 esse
690 583 776 660 signa
801 584 946 644 nonnulla
970 583 1101 659 probant
1126 603 1219 660 eaque

47 670 231 745 gravissima.
268 671 389 730 Etenim
407 673 439 730 in
456 672 619 748 lyricorum
638 677 795 748 poetarum
813 673 924 733 tabulis
939 674 989 734 vel
1001 673 1148 732 librorum
1167 681 1219 732 seu

46 778 188 818 versuum
219 780 376 819 numerum
409 761 551 821 adcurate
585 762 740 822 definitum
767 763 816 821 vel
847 762 940 821 libros
974 781 1009 820 ex
1043 765 1219 838 argumento

47 849 207 925 dispositos
225 851 275 910 vel
295 851 414 910 eosdem
433 870 469 909 ex
488 852 659 910 litterarum
678 853 780 911 ordine
804 851 937 928 digestos
960 852 1010 909 vel
1034 851 1220 927 singulorum

47 944 217 1012 poematum
237 939 398 998 dialectum
416 943 583 1001 matrumve
601 941 762 1018 diligenter
785 944 939 1000 enotatum
962 940 1220 1016 deprehendimus.
1267 987 1272 995 .

47 1028 109 1086 Nec
127 1046 187 1087 non
204 1029 237 1086 in
250 1032 409 1104 poetarum
422 1029 555 1105 ipserum
570 1031 670 1090 aetate
685 1025 852 1090 enarranda
866 1029 1036 1090 distinctam
1051 1033 1221 1106 temporum

46 1118 183 1178 notitiam
208 1137 275 1178 eum
305 1122 485 1198 spectamus,
513 1120 551 1178 ad
577 1120 779 1179 eruditissima
803 1119 1073 1178 Alexandrinorum
1098 1120 1221 1179 chrono-

48 1208 228 1282 graphorum
247 1208 348 1267 studia
367 1210 445 1268 ultro
465 1208 636 1270 deferimur.
673 1208 799 1268 Omnino
823 1217 925 1268 autem
949 1208 1001 1284 qui
1018 1209 1126 1268 harum
1144 1209 1219 1271 vita-

49 1315 114 1354 rum
130 1297 263 1357 indolem
282 1297 485 1376 considerant,
509 1299 619 1358 artiore
636 1319 715 1358 nexu
734 1317 828 1374 paene
847 1317 949 1357 omnes
969 1299 1115 1357 contineri
1133 1300 1221 1358 facile

48 1385 211 1462 intelleget.
240 1384 356 1464 Quippe
371 1379 506 1446 videmus
525 1388 760 1463 uniuscuiusque
774 1388 836 1446 fere
851 1391 957 1462 poetae
971 1407 1079 1446 nornen
1092 1388 1221 1463 patriam

48 1479 185 1548 parentes
210 1494 334 1551 poeseos
358 1495 452 1550 genus
477 1477 607 1536 aetatem
631 1478 763 1536 carmina
787 1477 904 1536 concisa
923 1477 1084 1552 eademque
1105 1476 1220 1535 dicendi

48 1563 160 1623 ratione
179 1565 223 1623 ita
242 1565 404 1644 delineata,
427 1566 559 1624 attalia
582 1567 620 1625 ad
644 1586 819 1626 conmunem
842 1566 1082 1642 peculiaremque
1107 1567 1219 1625 fontem

48 1671 105 1710 non
124 1655 220 1713 redire
239 1658 397 1731 nequeant.
436 1654 494 1713 Sed
509 1655 660 1716 auctorem
678 1657 777 1732 ipsum
797 1674 885 1730 quem
903 1655 1023 1714 tandem
1042 1654 1137 1714 fuisse
1157 1673 1222 1714 cen·
1272 1651 1275 1655 ’

49 1743 200 1802 sebimus‘?
224 1743 269 1803 Ac
279 1744 438 1802 Mauritius
450 1745 568 1820 quidem
579 1745 761 1804 Schmidtius
772 1737 907 1825 (Didym.
918 1743 1037 1819 Fragm.
1048 1764 1076 1819 p.
1088 1746 1152 1804 394
1163 1735 1221 1825 sq.)

48 1831 206 1905 lyricorum
226 1837 257 1892 et
272 1836 387 1909 septem
402 1834 582 1909 sapientium
596 1835 673 1894 vitas
689 1853 725 1894 ex
738 1835 816 1893 libro
835 1830 907 1907 περὶ
926 1831 1064 1906 λυρικῶν
1078 1832 1221 1906 ποιητῶν

49 1920 198 1981 derivatas
218 1941 284 1982 esse
304 1923 420 1999 statuit,
439 1923 522 1982 ouius
541 1927 694 1984 auctorem
712 1923 875 2000 Didymum
894 1941 954 1982 non
972 1922 1059 1981 illurn
1079 1921 1220 1982 Chalcen-

48 2011 143 2068 terum
162 2012 215 2070 sed
235 2013 380 2070 musicum
388 2003 446 2091 141’)
465 2012 559 2071 fuisse
578 2016 716 2073 autumat
737 2034 791 2070 -ε
820 2031 909 2088 quam
934 2014 1029 2071 totam
1053 2011 1222 2086 opinionem

47 2117 138 2171 paene
152 2100 245 2159 nullis
261 2101 447 2178 argumentis
460 2101 569 2160 fultam
584 2102 632 2163 Fr.
647 2102 806 2164 Nietzsehe
821 2094 912 2179 (Mus.
922 2101 978 2160 Rh.
992 2120 1021 2158 n.
1031 2099 1127 2179 XXII,
1143 2095 1229 2181 200)-

48 2188 110 2246 iure
127 2190 275 2250 refutavit
294 2208 412 2266 unaque
430 2190 647 2250 demonstravit
661 2192 823 2269 lyricorum
838 2190 1007 2250 notationes
1023 2208 1090 2248 cum
1103 2185 1222 2266 pinaco'·

48 2279 231 2353 graphorum
245 2280 324 2338 euris
339 2280 434 2338 multo
444 2280 540 2356 magis
551 2300 641 2356 quam
651 2283 739 2356 volgo
750 2281 910 2356 opinantur
921 2280 1088 2340 cohaerere.
1108 2279 1222 2338 Tamen

49 2366 91 2424 hio
115 2369 276 2442 paululum
301 2369 463 2428 subsistere
489 2373 520 2428 et
545 2389 609 2429 rem
634 2371 731 2446 ipsam
756 2370 859 2428 sedulo
883 2368 1089 2445 pervestigare
1113 2369 1221 2443 placet.

48 2455 144 2532 Atque
162 2460 200 2516 ut
219 2458 325 2518 statim
343 2459 422 2533 quod
441 2459 535 2517 sentio
555 2460 757 2537 pronuntiem,
779 2457 900 2518 illarum
919 2458 1049 2518 vitarum
1069 2475 1135 2516 eam
1154 2476 1221 2516 oon-

49 2543 193 2605 dicionem
222 2565 287 2606 esse
315 2546 415 2625 video,
443 2550 478 2606 ut
505 2548 612 2606 harum
639 2549 867 2607 fundamentum
894 2547 1019 2606 iecerint
1047 2544 1223 2604 Callimachi

48 2629 185 2709 πίνακετ,
206 2637 276 2695 dein
294 2655 370 2712 quae
390 2637 478 2694 huius
497 2638 615 2712 generis
635 2657 653 2696 a
671 2636 853 2696 Callimacho
874 2636 976 2712 paucis
997 2638 1118 2694 enotata
1137 2637 1223 2694 erant

49 2726 135 2782 ceteri
150 2725 350 2783 Alexandrini
364 2726 552 2801 grammatici
566 2727 615 2786 vel
630 2744 813 2786 successores
828 2744 902 2801 quos
921 2726 973 2784 ille
990 2725 1022 2782 in
1040 2725 1222 2784 bibliotheca

48 2812 284 2873 administranda
301 2814 409 2873 habuit
427 2815 564 2873 auxerint
582 2819 613 2874 et
631 2815 887 2890 amplificaverint.
924 2812 1018 2883 Quam
1043 2813 1222 2873 sententiam

48 2904 77 2958 ut
105 2903 331 2981 confirmemus,
359 2903 389 2961 id
417 2904 575 2980 praecipue
603 2905 718 2964 ratione
746 2923 780 2964 ac
808 2904 857 2963 via
883 2901 1072 2979 probandum
1094 2903 1221 2976 videtur,

48 2989 266 3052 Callimachum
289 2993 320 3050 in
343 2987 448 3054 πίναξι
471 3011 530 3051 non
554 2993 651 3053 solum
673 2995 754 3052 nuda
773 2993 953 3068 scriptorum
971 3010 1153 3069 operumque
1172 3010 1223 3050 no-

47 3081 123 3140 mina
142 3099 346 3154 enumerasse,
366 3081 418 3139 sed
437 3081 473 3139 de
492 3081 555 3141 vita
569 3101 686 3159 quoque
700 3085 856 3142 auctorum
869 3099 965 3159 pauca
978 3081 1145 3142 adnotasse.
1178 3081 1222 3140 Ac

47 3169 100 3230 duc
119 3171 317 3246 potissimum
335 3170 509 3230 testimonia
527 3171 602 3230 hanc
621 3171 788 3247 opinionem
807 3172 1002 3230 conmendare
1016 3171 1167 3230 videntur:
1189 3163 1223 3248 1)

47 3257 152 3318 Athen.
164 3259 219 3334 VI,
238 3261 337 3335 aeae
358 3249 408 3338 (cf.
419 3258 625 3319 Wachsmuth.
644 3261 751 3319 Philol.
770 3258 851 3330 XVI,
868 3261 941 3337 659,
960 3262 991 3319 et
1005 3257 1038 3317 Ο.
1053 3258 1223 3318 Schneider.

47 3339 303 3426 ea11.11,318):
332 3341 485 3407 Ἀττάλου
509 3345 544 3407 δὲ
568 3349 625 3408 τοῦ
651 3345 802 3423 βατιλέωτ
826 3344 956 3420 ἐγένετο
981 3342 1078 3407 κόλαξ
1101 3342 1153 3406 καὶ
1176 3347 1222 3405 δι-

47 3432 202 3497 sacrator
218 3431 405 3509 Λυτίμαχοτ,
425 3432 463 3495 ὃν
481 3433 678 3511 Καλλίμαχοτ
694 3435 751 3512 μὲν
767 3433 970 3510 Θεοδώρειον
989 3429 1220 3510 ἀναγράφει,

45 3520 222 3600 Ἕρμιπποτ
248 3522 285 3582 οὲ
309 3521 344 3583 ἐν
363 3524 431 3583 τοῖτ
451 3521 660 3599 Θεοφρὰττου
680 3525 833 3599 μαθηταῖς
853 3522 1029 3596 καταλέγει.
1069 3518 1104 3605 2)
1123 3525 1222 3586 Laert.

45 3609 157 3696 (Diog.)
177 3612 270 3687 VIII,
292 3615 326 3690 8,
348 3617 363 3671 1
394 3609 466 3692 (vid.
492 3608 638 3696 eosdem):
673 3610 809 3676 Εὔδοξοτ
829 3661 835 3673 .
856 3660 862 3673 .
883 3611 922 3673 τὰ
946 3610 1003 3689 μὲν
1027 3610 1224 3688 γεωμετρικὰ

46 3696 178 3779 Ἀρχύτα
200 3700 359 3776 διήκουτε,
378 3696 418 3760 τὰ
437 3698 472 3760 δὲ
491 3697 613 3776 ἰατρικὰ
632 3698 837 3763 Φιλιττίωνοτ
851 3704 909 3763 τοῦ
925 3697 1123 3782 (ικελιώτου,
1142 3698 1224 3763 καθὰ

47 3789 250 3868 Καλλίμαχοτ
279 3787 316 3849 ἐν
343 3791 411 3849 voit
439 3785 544 3852 πίναξί
568 3808 655 3866 φητι,
683 3811 810 3868 quocum
837 3794 874 3852 of.
900 3792 1049 3851 Eudooiae
1079 3824 1117 3832 -
1147 3812 1223 3868 quae

46 3881 201 3942 laertium
223 3879 389 3954 conpilavit
407 3910 449 3918 —
468 3879 580 3940 Violar.
600 3901 628 3956 p.
646 3883 721 3940 193:
740 3875 772 3939 Ἐ
787 3925 794 3939 .
809 3927 815 3940 .
831 3876 986 3956 ἀκουκτή(
1002 3925 1029 3939 ..
1046 3875 1091 3939 ὡ(
1112 3877 1223 3940 Καλλί-
1326 3901 1329 3908 ⁴

46 3987 141 4045 μαχοτ
161 3968 201 4030 ἐν
222 3967 294 4027 roi<
308 3963 451 4041 Πίναξιν,
470 3962 605 4042 Ἀρχύτα
624 3965 675 4027 καὶ
690 3965 903 4029 Φιλιττίωνοτ.
941 3970 1034 4029 Extat
1052 3973 1083 4028 et
1101 3971 1224 4030 tertium

112 4123 168 4193 ¹⁴¹¹)
185 4121 272 4176 Hanc
286 4119 377 4188 ipsam
391 4118 425 4172 de
435 4117 553 4187 Didymo
565 4120 672 4174 musico
687 4121 856 4176 sententiam
870 4122 1026 4176 rectissime
1040 4120 1227 4192 inprobarunt

45 4194 71 4248 Ο.
91 4193 255 4250 Schneider
275 4189 360 4260 (Dior.
381 4187 527 4258 antiqua.
544 4196 611 4246 1855
627 4193 681 4260 (no.
698 4194 752 4261 31),
769 4211 797 4262 p.
813 4198 863 4247 241
880 4196 932 4262 sq.)
952 4196 982 4247 et
999 4192 1030 4248 E.
1051 4193 1084 4246 de
1104 4193 1226 4248 Leutsch

45 4265 122 4332 (Phil.
139 4265 191 4334 XI,
209 4268 255 4330 20,
271 4261 329 4314 not
345 4261 399 4328 60),
419 4260 467 4327 qni
485 4262 580 4318 tamen
599 4261 639 4316 eis
658 4279 730 4331 quae
749 4263 783 4316 de
799 4263 915 4319 Pindari
934 4263 1090 4320 carminum
1110 4263 1226 4335 disposi-

45 4336 114 4392 tione
135 4335 223 4409 (ibid.
240 4352 269 4404 p.
286 4337 319 4387 lv
330 4333 382 4400 aq.)
401 4330 538 4405 disseruit,
557 4335 661 4388 iustam
679 4334 720 4389 rei
738 4334 879 4390 rationem
896 4335 1062 4405 neutiquam
1075 4335 1227 4407 perspexit.
